<?xml version="1.0" encoding="UTF-8"?>
<!DOCTYPE html PUBLIC "-//W3C//DTD XHTML 1.0 Transitional//EN"
    "http://www.w3.org/TR/xhtml1/DTD/xhtml1-transitional.dtd">
<html xmlns="http://www.w3.org/1999/xhtml" xml:lang="en" lang="en">
 <head>
  <title>
</title>
<meta http-equiv="Content-Type" content="text/html;charset=utf-8" />
  <meta name='ocr-system' content='tesseract 3.04.00' />
  <meta name='ocr-capabilities' content='ocr_page ocr_carea ocr_par ocr_line ocrx_word'/>
</head>
<body>
  <div class='ocr_page' id='page_1' title='image "./tenthtwelfthbook00quinuoft_0105.png"; bbox 0 0 1696 2638; ppageno 0'>
   <div class='ocr_carea' id='block_1_1' title="bbox 490 169 1455 215">
    <p class='ocr_par' dir='ltr' id='par_1_1' title="bbox 490 169 1455 215">
     <span class='ocr_line' id='line_1_1' title="bbox 490 169 1455 215; baseline 0.004 -10"><span class='ocrx_word' id='word_1_1' title='bbox 490 169 612 205; x_wconf 67' lang='lat' dir='ltr'>INST.</span> <span class='ocrx_word' id='word_1_2' title='bbox 645 170 854 205; x_wconf 84' lang='lat' dir='ltr'><strong>ORATOR.</strong></span> <span class='ocrx_word' id='word_1_3' title='bbox 885 170 969 213; x_wconf 86' lang='lat' dir='ltr'>XII,</span> <span class='ocrx_word' id='word_1_4' title='bbox 995 171 1028 213; x_wconf 81' lang='lat'>2,</span> <span class='ocrx_word' id='word_1_5' title='bbox 1060 171 1180 206; x_wconf 75' lang='lat'><strong>13-17.</strong></span> <span class='ocrx_word' id='word_1_6' title='bbox 1372 173 1455 215; x_wconf 90' lang='lat'>101</span> 
     </span>
    </p>
   </div>
   <div class='ocr_carea' id='block_1_2' title="bbox 176 282 1512 2415">
    <p class='ocr_par' dir='ltr' id='par_1_2' title="bbox 177 282 1512 1375">
     <span class='ocr_line' id='line_1_2' title="bbox 183 282 1458 338; baseline 0.001 -12"><span class='ocrx_word' id='word_1_7' title='bbox 183 282 468 326; x_wconf 72' lang='lat' dir='ltr'>discentibus</span> <span class='ocrx_word' id='word_1_8' title='bbox 498 283 706 335; x_wconf 88' lang='lat' dir='ltr'>tradunt,</span> <span class='ocrx_word' id='word_1_9' title='bbox 736 286 791 326; x_wconf 91' lang='lat' dir='ltr'>ut</span> <span class='ocrx_word' id='word_1_10' title='bbox 820 284 895 326; x_wconf 88' lang='lat' dir='ltr'>his</span> <span class='ocrx_word' id='word_1_11' title='bbox 926 284 1157 338; x_wconf 87' lang='lat' dir='ltr'>omnibus,</span> <span class='ocrx_word' id='word_1_12' title='bbox 1176 285 1258 338; x_wconf 91' lang='lat' dir='ltr'>qui</span> <span class='ocrx_word' id='word_1_13' title='bbox 1288 284 1458 328; x_wconf 87' lang='lat' dir='ltr'>didice-</span> 
     </span>
     <span class='ocr_line' id='line_1_3' title="bbox 182 348 1457 404; baseline 0.002 -14"><span class='ocrx_word' id='word_1_14' title='bbox 182 350 309 400; x_wconf 88' lang='lat' dir='ltr'>runt,</span> <span class='ocrx_word' id='word_1_15' title='bbox 338 349 389 390; x_wconf 91' lang='lat' dir='ltr'>in</span> <span class='ocrx_word' id='word_1_16' title='bbox 421 349 523 403; x_wconf 90' lang='lat' dir='ltr'>ipso</span> <span class='ocrx_word' id='word_1_17' title='bbox 556 348 767 391; x_wconf 87' lang='lat' dir='ltr'>luctandi</span> <span class='ocrx_word' id='word_1_18' title='bbox 814 350 1066 392; x_wconf 74' lang='lat' dir='ltr'>certamine</span> <span class='ocrx_word' id='word_1_19' title='bbox 1098 351 1297 391; x_wconf 89' lang='lat' dir='ltr'>utantur</span> <span class='ocrx_word' id='word_1_20' title='bbox 1332 349 1457 404; x_wconf 90' lang='lat' dir='ltr'>(plus</span> 
     </span>
     <span class='ocr_line' id='line_1_4' title="bbox 183 413 1457 468; baseline 0.002 -13"><span class='ocrx_word' id='word_1_21' title='bbox 183 414 307 456; x_wconf 89' lang='lat' dir='ltr'>enim</span> <span class='ocrx_word' id='word_1_22' title='bbox 321 413 522 468; x_wconf 88' lang='lat' dir='ltr'>pondere</span> <span class='ocrx_word' id='word_1_23' title='bbox 537 416 583 456; x_wconf 91' lang='lat' dir='ltr'>et</span> <span class='ocrx_word' id='word_1_24' title='bbox 599 414 820 456; x_wconf 85' lang='lat' dir='ltr'>firmitate</span> <span class='ocrx_word' id='word_1_25' title='bbox 840 416 886 456; x_wconf 91' lang='lat' dir='ltr'>et</span> <span class='ocrx_word' id='word_1_26' title='bbox 906 415 1077 468; x_wconf 89' lang='lat' dir='ltr'>spiritu</span> <span class='ocrx_word' id='word_1_27' title='bbox 1093 414 1288 468; x_wconf 88' lang='lat' dir='ltr'>agitur),</span> <span class='ocrx_word' id='word_1_28' title='bbox 1304 415 1384 457; x_wconf 90' lang='lat' dir='ltr'>sed</span> <span class='ocrx_word' id='word_1_29' title='bbox 1401 418 1457 458; x_wconf 89' lang='lat' dir='ltr'>ut</span> 
     </span>
     <span class='ocr_line' id='line_1_5' title="bbox 183 478 1456 532; baseline 0.002 -12"><span class='ocrx_word' id='word_1_30' title='bbox 183 478 334 520; x_wconf 88' lang='lat' dir='ltr'>subsit</span> <span class='ocrx_word' id='word_1_31' title='bbox 353 479 485 532; x_wconf 90' lang='lat' dir='ltr'>copia</span> <span class='ocrx_word' id='word_1_32' title='bbox 503 478 600 530; x_wconf 90' lang='lat' dir='ltr'>illa,</span> <span class='ocrx_word' id='word_1_33' title='bbox 619 492 676 521; x_wconf 84' lang='lat' dir='ltr'>ex</span> <span class='ocrx_word' id='word_1_34' title='bbox 695 493 788 532; x_wconf 90' lang='lat' dir='ltr'>qua</span> <span class='ocrx_word' id='word_1_35' title='bbox 806 493 956 521; x_wconf 93' lang='lat' dir='ltr'>unum</span> <span class='ocrx_word' id='word_1_36' title='bbox 975 482 1059 521; x_wconf 89' lang='lat' dir='ltr'>aut</span> <span class='ocrx_word' id='word_1_37' title='bbox 1087 479 1303 531; x_wconf 89' lang='lat' dir='ltr'>alterum,</span> <span class='ocrx_word' id='word_1_38' title='bbox 1322 480 1456 523; x_wconf 90' lang='lat' dir='ltr'>cuius</span> 
     </span>
     <span class='ocr_line' id='line_1_6' title="bbox 183 543 1512 599; baseline 0.002 -14"><span class='ocrx_word' id='word_1_39' title='bbox 183 556 230 585; x_wconf 90' lang='lat' dir='ltr'>se</span> <span class='ocrx_word' id='word_1_40' title='bbox 258 544 435 585; x_wconf 85' lang='lat' dir='ltr'>occasio</span> <span class='ocrx_word' id='word_1_41' title='bbox 464 543 671 595; x_wconf 83' lang='lat' dir='ltr'>dederit,¹</span> <span class='ocrx_word' id='word_1_42' title='bbox 686 543 910 587; x_wconf 87' lang='lat' dir='ltr'>efficiant:</span> <span class='ocrx_word' id='word_1_43' title='bbox 940 545 1008 586; x_wconf 87' lang='lat' dir='ltr'>ita</span> <span class='ocrx_word' id='word_1_44' title='bbox 1044 544 1159 586; x_wconf 88' lang='lat' dir='ltr'>haec</span> <span class='ocrx_word' id='word_1_45' title='bbox 1195 558 1305 599; x_wconf 89' lang='lat' dir='ltr'>pars</span> <span class='ocrx_word' id='word_1_46' title='bbox 1343 545 1456 587; x_wconf 89' lang='lat' dir='ltr'>dia·</span> <span class='ocrx_word' id='word_1_47' title='bbox 1470 554 1512 588; x_wconf 83' lang='lat'>13</span> 
     </span>
     <span class='ocr_line' id='line_1_7' title="bbox 181 607 1456 664; baseline 0.002 -15"><span class='ocrx_word' id='word_1_48' title='bbox 181 607 406 659; x_wconf 75' lang='lat' dir='ltr'>lectica,</span> <span class='ocrx_word' id='word_1_49' title='bbox 440 609 538 650; x_wconf 86' lang='lat' dir='ltr'>sive</span> <span class='ocrx_word' id='word_1_50' title='bbox 570 608 702 650; x_wconf 86' lang='lat' dir='ltr'>illam</span> <span class='ocrx_word' id='word_1_51' title='bbox 739 608 890 651; x_wconf 86' lang='lat' dir='ltr'>dicere</span> <span class='ocrx_word' id='word_1_52' title='bbox 927 609 1163 651; x_wconf 90' lang='lat' dir='ltr'>malumus</span> <span class='ocrx_word' id='word_1_53' title='bbox 1200 609 1456 664; x_wconf 88' lang='lat' dir='ltr'>disputa-</span> 
     </span>
     <span class='ocr_line' id='line_1_8' title="bbox 182 672 1456 727; baseline 0.003 -14"><span class='ocrx_word' id='word_1_54' title='bbox 182 672 399 723; x_wconf 89' lang='lat' dir='ltr'>tricem,</span> <span class='ocrx_word' id='word_1_55' title='bbox 417 675 472 714; x_wconf 91' lang='lat' dir='ltr'>ut</span> <span class='ocrx_word' id='word_1_56' title='bbox 491 675 562 715; x_wconf 89' lang='lat' dir='ltr'>est</span> <span class='ocrx_word' id='word_1_57' title='bbox 580 672 714 715; x_wconf 92' lang='lat' dir='ltr'>utilis</span> <span class='ocrx_word' id='word_1_58' title='bbox 734 686 869 727; x_wconf 88' lang='lat' dir='ltr'>saepe</span> <span class='ocrx_word' id='word_1_59' title='bbox 889 676 934 715; x_wconf 89' lang='lat' dir='ltr'>et</span> <span class='ocrx_word' id='word_1_60' title='bbox 955 674 1249 716; x_wconf 86' lang='lat' dir='ltr'>finitionibus</span> <span class='ocrx_word' id='word_1_61' title='bbox 1268 677 1315 717; x_wconf 91' lang='lat' dir='ltr'>et</span> <span class='ocrx_word' id='word_1_62' title='bbox 1334 689 1456 717; x_wconf 90' lang='lat' dir='ltr'>com-</span> 
     </span>
     <span class='ocr_line' id='line_1_9' title="bbox 180 737 1455 792; baseline 0.002 -14"><span class='ocrx_word' id='word_1_63' title='bbox 180 737 565 791; x_wconf 88' lang='lat' dir='ltr'>prehensionibus</span> <span class='ocrx_word' id='word_1_64' title='bbox 585 740 631 780; x_wconf 94' lang='lat' dir='ltr'>et</span> <span class='ocrx_word' id='word_1_65' title='bbox 660 738 943 791; x_wconf 83' lang='lat' dir='ltr'>separandis,</span> <span class='ocrx_word' id='word_1_66' title='bbox 963 752 1081 792; x_wconf 91' lang='lat' dir='ltr'>quae</span> <span class='ocrx_word' id='word_1_67' title='bbox 1101 741 1212 780; x_wconf 91' lang='lat' dir='ltr'>sunt</span> <span class='ocrx_word' id='word_1_68' title='bbox 1240 739 1455 782; x_wconf 88' lang='lat' dir='ltr'>differen-</span> 
     </span>
     <span class='ocr_line' id='line_1_10' title="bbox 180 802 1455 858; baseline 0.003 -15"><span class='ocrx_word' id='word_1_69' title='bbox 180 802 261 853; x_wconf 89' lang='lat' dir='ltr'>tia,</span> <span class='ocrx_word' id='word_1_70' title='bbox 280 804 326 844; x_wconf 86' lang='lat' dir='ltr'>et</span> <span class='ocrx_word' id='word_1_71' title='bbox 345 802 618 844; x_wconf 85' lang='lat' dir='ltr'>resolvenda</span> <span class='ocrx_word' id='word_1_72' title='bbox 637 803 961 856; x_wconf 87' lang='lat' dir='ltr'>ambiguitate,</span> <span class='ocrx_word' id='word_1_73' title='bbox 976 803 1322 858; x_wconf 89' lang='lat' dir='ltr'>distinguendo,</span> <span class='ocrx_word' id='word_1_74' title='bbox 1337 804 1455 847; x_wconf 86' lang='lat' dir='ltr'>divi-</span> 
     </span>
     <span class='ocr_line' id='line_1_11' title="bbox 180 866 1454 921; baseline 0.002 -13"><span class='ocrx_word' id='word_1_75' title='bbox 180 866 343 918; x_wconf 90' lang='lat' dir='ltr'>dendo,</span> <span class='ocrx_word' id='word_1_76' title='bbox 373 867 637 919; x_wconf 87' lang='lat' dir='ltr'>inliciendo,</span> <span class='ocrx_word' id='word_1_77' title='bbox 667 867 965 921; x_wconf 90' lang='lat' dir='ltr'>implicando,</span> <span class='ocrx_word' id='word_1_78' title='bbox 994 868 1076 920; x_wconf 93' lang='lat' dir='ltr'>ita,</span> <span class='ocrx_word' id='word_1_79' title='bbox 1107 869 1147 910; x_wconf 89' lang='lat' dir='ltr'>si</span> <span class='ocrx_word' id='word_1_80' title='bbox 1178 871 1333 911; x_wconf 89' lang='lat' dir='ltr'>totum</span> <span class='ocrx_word' id='word_1_81' title='bbox 1364 870 1454 912; x_wconf 91' lang='lat' dir='ltr'>sibi</span> 
     </span>
     <span class='ocr_line' id='line_1_12' title="bbox 179 931 1455 984; baseline 0.003 -12"><span class='ocrx_word' id='word_1_82' title='bbox 179 931 491 974; x_wconf 85' lang='lat' dir='ltr'>vindicaverit</span> <span class='ocrx_word' id='word_1_83' title='bbox 509 933 560 973; x_wconf 90' lang='lat' dir='ltr'>in</span> <span class='ocrx_word' id='word_1_84' title='bbox 575 932 678 974; x_wconf 85' lang='lat' dir='ltr'>foro</span> <span class='ocrx_word' id='word_1_85' title='bbox 694 934 941 984; x_wconf 89' lang='lat' dir='ltr'>certamen,</span> <span class='ocrx_word' id='word_1_86' title='bbox 956 933 1162 975; x_wconf 87' lang='lat' dir='ltr'>obstabit</span> <span class='ocrx_word' id='word_1_87' title='bbox 1181 933 1455 977; x_wconf 87' lang='lat' dir='ltr'>melioribus</span> 
     </span>
     <span class='ocr_line' id='line_1_13' title="bbox 180 997 1454 1052; baseline 0.003 -14"><span class='ocrx_word' id='word_1_88' title='bbox 180 998 226 1038; x_wconf 89' lang='lat' dir='ltr'>et</span> <span class='ocrx_word' id='word_1_89' title='bbox 245 998 391 1038; x_wconf 88' lang='lat' dir='ltr'>sectas</span> <span class='ocrx_word' id='word_1_90' title='bbox 411 997 471 1039; x_wconf 89' lang='lat' dir='ltr'>ad</span> <span class='ocrx_word' id='word_1_91' title='bbox 490 998 767 1040; x_wconf 83' lang='lat' dir='ltr'>tenuitatem</span> <span class='ocrx_word' id='word_1_92' title='bbox 783 1011 916 1039; x_wconf 88' lang='lat' dir='ltr'>suam</span> <span class='ocrx_word' id='word_1_93' title='bbox 931 998 1055 1040; x_wconf 87' lang='lat' dir='ltr'>vires</span> <span class='ocrx_word' id='word_1_94' title='bbox 1074 999 1177 1052; x_wconf 89' lang='lat' dir='ltr'>ipsa</span> <span class='ocrx_word' id='word_1_95' title='bbox 1192 999 1454 1042; x_wconf 89' lang='lat' dir='ltr'>subtilitate</span> 
     </span>
     <span class='ocr_line' id='line_1_14' title="bbox 179 1062 1511 1119; baseline 0.003 -17"><span class='ocrx_word' id='word_1_96' title='bbox 179 1063 428 1104; x_wconf 89' lang='lat' dir='ltr'>consumet.</span> <span class='ocrx_word' id='word_1_97' title='bbox 498 1062 662 1115; x_wconf 90' lang='lat' dir='ltr'>Itaque</span> <span class='ocrx_word' id='word_1_98' title='bbox 698 1063 902 1117; x_wconf 85' lang='lat' dir='ltr'>reperias</span> <span class='ocrx_word' id='word_1_99' title='bbox 940 1063 1167 1116; x_wconf 90' lang='lat' dir='ltr'>quosdam</span> <span class='ocrx_word' id='word_1_100' title='bbox 1207 1064 1259 1106; x_wconf 91' lang='lat' dir='ltr'>in</span> <span class='ocrx_word' id='word_1_101' title='bbox 1296 1064 1454 1119; x_wconf 88' lang='lat' dir='ltr'>dispu—</span> <span class='ocrx_word' id='word_1_102' title='bbox 1467 1065 1511 1100; x_wconf 84' lang='lat'>14</span> 
     </span>
     <span class='ocr_line' id='line_1_15' title="bbox 179 1123 1453 1177; baseline 0.004 -12"><span class='ocrx_word' id='word_1_103' title='bbox 179 1123 321 1166; x_wconf 89' lang='lat' dir='ltr'>tando</span> <span class='ocrx_word' id='word_1_104' title='bbox 339 1125 457 1167; x_wconf 89' lang='lat' dir='ltr'>mire</span> <span class='ocrx_word' id='word_1_105' title='bbox 480 1125 687 1177; x_wconf 89' lang='lat' dir='ltr'>callidos,</span> <span class='ocrx_word' id='word_1_106' title='bbox 706 1139 814 1168; x_wconf 91' lang='lat' dir='ltr'>cum</span> <span class='ocrx_word' id='word_1_107' title='bbox 842 1126 902 1167; x_wconf 87' lang='lat' dir='ltr'>ab</span> <span class='ocrx_word' id='word_1_108' title='bbox 930 1125 1014 1168; x_wconf 90' lang='lat' dir='ltr'>illa</span> <span class='ocrx_word' id='word_1_109' title='bbox 1033 1126 1334 1170; x_wconf 89' lang='lat' dir='ltr'>cavillatione</span> <span class='ocrx_word' id='word_1_110' title='bbox 1362 1127 1453 1170; x_wconf 88' lang='lat' dir='ltr'>dis-</span> 
     </span>
     <span class='ocr_line' id='line_1_16' title="bbox 178 1189 1453 1246; baseline 0.004 -16"><span class='ocrx_word' id='word_1_111' title='bbox 178 1189 412 1241; x_wconf 88' lang='lat' dir='ltr'>cesserint,</span> <span class='ocrx_word' id='word_1_112' title='bbox 431 1203 525 1232; x_wconf 95' lang='lat' dir='ltr'>non</span> <span class='ocrx_word' id='word_1_113' title='bbox 553 1191 703 1244; x_wconf 88' lang='lat' dir='ltr'>magis</span> <span class='ocrx_word' id='word_1_114' title='bbox 733 1191 940 1233; x_wconf 89' lang='lat' dir='ltr'>sufficere</span> <span class='ocrx_word' id='word_1_115' title='bbox 968 1191 1019 1232; x_wconf 91' lang='lat' dir='ltr'>in</span> <span class='ocrx_word' id='word_1_116' title='bbox 1047 1191 1207 1245; x_wconf 90' lang='lat' dir='ltr'>aliquo</span> <span class='ocrx_word' id='word_1_117' title='bbox 1235 1192 1453 1246; x_wconf 86' lang='lat' dir='ltr'>graviore</span> 
     </span>
     <span class='ocr_line' id='line_1_17' title="bbox 178 1255 1453 1310; baseline 0.005 -16"><span class='ocrx_word' id='word_1_118' title='bbox 178 1255 287 1295; x_wconf 83' lang='lat' dir='ltr'>actu</span> <span class='ocrx_word' id='word_1_119' title='bbox 306 1267 449 1307; x_wconf 90' lang='lat' dir='ltr'>quam</span> <span class='ocrx_word' id='word_1_120' title='bbox 476 1269 623 1308; x_wconf 87' lang='lat' dir='ltr'>parva</span> <span class='ocrx_word' id='word_1_121' title='bbox 642 1255 870 1309; x_wconf 88' lang='lat' dir='ltr'>quaedam</span> <span class='ocrx_word' id='word_1_122' title='bbox 896 1256 1132 1308; x_wconf 87' lang='lat' dir='ltr'>animalia,</span> <span class='ocrx_word' id='word_1_123' title='bbox 1152 1271 1284 1310; x_wconf 91' lang='lat' dir='ltr'>quae,</span> <span class='ocrx_word' id='word_1_124' title='bbox 1303 1257 1354 1299; x_wconf 92' lang='lat' dir='ltr'>in</span> <span class='ocrx_word' id='word_1_125' title='bbox 1373 1271 1453 1300; x_wconf 88' lang='lat' dir='ltr'>an-</span> 
     </span>
     <span class='ocr_line' id='line_1_18' title="bbox 177 1319 1199 1375; baseline 0.004 -15"><span class='ocrx_word' id='word_1_126' title='bbox 177 1319 348 1372; x_wconf 88' lang='lat' dir='ltr'>gustiis</span> <span class='ocrx_word' id='word_1_127' title='bbox 366 1320 573 1371; x_wconf 88' lang='lat' dir='ltr'>mobilia,</span> <span class='ocrx_word' id='word_1_128' title='bbox 592 1334 755 1374; x_wconf 88' lang='lat' dir='ltr'>campo</span> <span class='ocrx_word' id='word_1_129' title='bbox 775 1321 1199 1375; x_wconf 88' lang='lat' dir='ltr'>deprehenduntur.</span> 
     </span>
    </p>

    <p class='ocr_par' dir='ltr' id='par_1_3' title="bbox 176 1384 1508 2415">
     <span class='ocr_line' id='line_1_19' title="bbox 259 1384 1508 1440; baseline 0.004 -14"><span class='ocrx_word' id='word_1_130' title='bbox 259 1384 360 1426; x_wconf 91' lang='lat' dir='ltr'>Iam</span> <span class='ocrx_word' id='word_1_131' title='bbox 379 1385 568 1438; x_wconf 89' lang='lat' dir='ltr'>quidem</span> <span class='ocrx_word' id='word_1_132' title='bbox 595 1399 704 1439; x_wconf 88' lang='lat' dir='ltr'>pars</span> <span class='ocrx_word' id='word_1_133' title='bbox 732 1385 816 1427; x_wconf 88' lang='lat' dir='ltr'>illa</span> <span class='ocrx_word' id='word_1_134' title='bbox 843 1386 1098 1438; x_wconf 90' lang='lat' dir='ltr'>moralis,</span> <span class='ocrx_word' id='word_1_135' title='bbox 1118 1401 1236 1440; x_wconf 86' lang='lat' dir='ltr'>quae</span> <span class='ocrx_word' id='word_1_136' title='bbox 1265 1387 1452 1440; x_wconf 85' lang='lat' dir='ltr'>dicitur,</span> <span class='ocrx_word' id='word_1_137' title='bbox 1465 1398 1508 1432; x_wconf 85' lang='lat'>15</span> 
     </span>
     <span class='ocr_line' id='line_1_20' title="bbox 178 1449 1450 1501; baseline 0.004 -11"><span class='ocrx_word' id='word_1_138' title='bbox 178 1449 398 1501; x_wconf 86' lang='lat' dir='ltr'>Ethice,</span> <span class='ocrx_word' id='word_1_139' title='bbox 442 1452 564 1492; x_wconf 88' lang='lat' dir='ltr'>certe</span> <span class='ocrx_word' id='word_1_140' title='bbox 609 1452 709 1492; x_wconf 82' lang='lat' dir='ltr'>tota</span> <span class='ocrx_word' id='word_1_141' title='bbox 755 1452 929 1493; x_wconf 87' lang='lat' dir='ltr'>oratori</span> <span class='ocrx_word' id='word_1_142' title='bbox 975 1454 1045 1494; x_wconf 90' lang='lat' dir='ltr'>est</span> <span class='ocrx_word' id='word_1_143' title='bbox 1091 1453 1450 1496; x_wconf 87' lang='lat' dir='ltr'>accommodata.</span> 
     </span>
     <span class='ocr_line' id='line_1_21' title="bbox 178 1513 1452 1571; baseline 0.004 -16"><span class='ocrx_word' id='word_1_144' title='bbox 178 1513 300 1556; x_wconf 86' lang='lat' dir='ltr'>Nam</span> <span class='ocrx_word' id='word_1_145' title='bbox 319 1515 370 1556; x_wconf 92' lang='lat' dir='ltr'>in</span> <span class='ocrx_word' id='word_1_146' title='bbox 389 1517 522 1557; x_wconf 91' lang='lat' dir='ltr'>tanta</span> <span class='ocrx_word' id='word_1_147' title='bbox 542 1529 803 1567; x_wconf 88' lang='lat' dir='ltr'>causarum,</span> <span class='ocrx_word' id='word_1_148' title='bbox 824 1516 946 1558; x_wconf 90' lang='lat' dir='ltr'>sicut</span> <span class='ocrx_word' id='word_1_149' title='bbox 969 1517 1288 1571; x_wconf 86' lang='lat' dir='ltr'>superioribus</span> <span class='ocrx_word' id='word_1_150' title='bbox 1316 1518 1452 1560; x_wconf 89' lang='lat' dir='ltr'>libris</span> 
     </span>
     <span class='ocr_line' id='line_1_22' title="bbox 177 1578 1451 1636; baseline 0.004 -16"><span class='ocrx_word' id='word_1_151' title='bbox 177 1578 396 1631; x_wconf 84' lang='lat' dir='ltr'>diximus,</span> <span class='ocrx_word' id='word_1_152' title='bbox 433 1579 675 1631; x_wconf 87' lang='lat' dir='ltr'>varietate,</span> <span class='ocrx_word' id='word_1_153' title='bbox 712 1594 820 1623; x_wconf 90' lang='lat' dir='ltr'>cum</span> <span class='ocrx_word' id='word_1_154' title='bbox 866 1581 960 1623; x_wconf 90' lang='lat' dir='ltr'>alia</span> <span class='ocrx_word' id='word_1_155' title='bbox 1005 1581 1273 1624; x_wconf 89' lang='lat' dir='ltr'>coniectura</span> <span class='ocrx_word' id='word_1_156' title='bbox 1314 1596 1451 1636; x_wconf 89' lang='lat' dir='ltr'>quae-</span> 
     </span>
     <span class='ocr_line' id='line_1_23' title="bbox 176 1643 1451 1698; baseline 0.004 -14"><span class='ocrx_word' id='word_1_157' title='bbox 176 1646 356 1695; x_wconf 84' lang='lat' dir='ltr'>rantur,</span> <span class='ocrx_word' id='word_1_158' title='bbox 387 1643 480 1686; x_wconf 89' lang='lat' dir='ltr'>alia</span> <span class='ocrx_word' id='word_1_159' title='bbox 509 1644 802 1687; x_wconf 86' lang='lat' dir='ltr'>finitionibus</span> <span class='ocrx_word' id='word_1_160' title='bbox 835 1645 1190 1698; x_wconf 85' lang='lat' dir='ltr'>concludantur,</span> <span class='ocrx_word' id='word_1_161' title='bbox 1221 1646 1316 1689; x_wconf 87' lang='lat' dir='ltr'>alia</span> <span class='ocrx_word' id='word_1_162' title='bbox 1347 1647 1451 1690; x_wconf 89' lang='lat' dir='ltr'>iure</span> 
     </span>
     <span class='ocr_line' id='line_1_24' title="bbox 177 1709 1452 1765; baseline 0.004 -16"><span class='ocrx_word' id='word_1_163' title='bbox 177 1710 559 1751; x_wconf 87' lang='lat' dir='ltr'>summoveantur</span> <span class='ocrx_word' id='word_1_164' title='bbox 573 1709 646 1751; x_wconf 86' lang='lat' dir='ltr'>vel</span> <span class='ocrx_word' id='word_1_165' title='bbox 666 1710 1027 1762; x_wconf 80' lang='lat' dir='ltr'>transferantur,</span> <span class='ocrx_word' id='word_1_166' title='bbox 1042 1710 1136 1753; x_wconf 91' lang='lat' dir='ltr'>alia</span> <span class='ocrx_word' id='word_1_167' title='bbox 1151 1711 1452 1765; x_wconf 86' lang='lat' dir='ltr'>conligantur</span> 
     </span>
     <span class='ocr_line' id='line_1_25' title="bbox 177 1771 1450 1826; baseline 0.004 -13"><span class='ocrx_word' id='word_1_168' title='bbox 177 1771 253 1814; x_wconf 88' lang='lat' dir='ltr'>vel</span> <span class='ocrx_word' id='word_1_169' title='bbox 298 1772 400 1826; x_wconf 89' lang='lat' dir='ltr'>ipsa</span> <span class='ocrx_word' id='word_1_170' title='bbox 436 1773 559 1815; x_wconf 90' lang='lat' dir='ltr'>inter</span> <span class='ocrx_word' id='word_1_171' title='bbox 597 1787 644 1816; x_wconf 91' lang='lat' dir='ltr'>se</span> <span class='ocrx_word' id='word_1_172' title='bbox 681 1776 962 1816; x_wconf 87' lang='lat' dir='ltr'>concurrant</span> <span class='ocrx_word' id='word_1_173' title='bbox 998 1775 1075 1817; x_wconf 86' lang='lat' dir='ltr'>vel</span> <span class='ocrx_word' id='word_1_174' title='bbox 1121 1775 1172 1817; x_wconf 92' lang='lat' dir='ltr'>in</span> <span class='ocrx_word' id='word_1_175' title='bbox 1210 1775 1450 1818; x_wconf 85' lang='lat' dir='ltr'>diversum</span> 
     </span>
     <span class='ocr_line' id='line_1_26' title="bbox 177 1837 1451 1895; baseline 0.004 -17"><span class='ocrx_word' id='word_1_176' title='bbox 177 1837 487 1891; x_wconf 83' lang='lat' dir='ltr'>ambiguitate</span> <span class='ocrx_word' id='word_1_177' title='bbox 534 1838 781 1890; x_wconf 88' lang='lat' dir='ltr'>ducantur,</span> <span class='ocrx_word' id='word_1_178' title='bbox 822 1839 955 1881; x_wconf 89' lang='lat' dir='ltr'>nulla</span> <span class='ocrx_word' id='word_1_179' title='bbox 1001 1839 1099 1882; x_wconf 85' lang='lat' dir='ltr'>fere</span> <span class='ocrx_word' id='word_1_180' title='bbox 1145 1840 1239 1882; x_wconf 89' lang='lat' dir='ltr'>dici</span> <span class='ocrx_word' id='word_1_181' title='bbox 1284 1843 1451 1895; x_wconf 91' lang='lat' dir='ltr'>potest,</span> 
     </span>
     <span class='ocr_line' id='line_1_27' title="bbox 177 1901 1450 1957; baseline 0.004 -15"><span class='ocrx_word' id='word_1_182' title='bbox 177 1901 311 1943; x_wconf 91' lang='lat' dir='ltr'>cuius</span> <span class='ocrx_word' id='word_1_183' title='bbox 330 1916 425 1944; x_wconf 93' lang='lat' dir='ltr'>non</span> <span class='ocrx_word' id='word_1_184' title='bbox 445 1902 604 1956; x_wconf 88' lang='lat' dir='ltr'>aliqua</span> <span class='ocrx_word' id='word_1_185' title='bbox 623 1902 673 1944; x_wconf 92' lang='lat' dir='ltr'>in</span> <span class='ocrx_word' id='word_1_186' title='bbox 701 1905 834 1957; x_wconf 86' lang='lat' dir='ltr'>parte</span> <span class='ocrx_word' id='word_1_187' title='bbox 853 1905 1083 1945; x_wconf 88' lang='lat' dir='ltr'>tractatus</span> <span class='ocrx_word' id='word_1_188' title='bbox 1102 1904 1239 1957; x_wconf 87' lang='lat' dir='ltr'>aequi</span> <span class='ocrx_word' id='word_1_189' title='bbox 1258 1918 1312 1947; x_wconf 86' lang='lat' dir='ltr'>ac</span> <span class='ocrx_word' id='word_1_190' title='bbox 1338 1905 1450 1947; x_wconf 89' lang='lat' dir='ltr'>boni</span> 
     </span>
     <span class='ocr_line' id='line_1_28' title="bbox 177 1967 1451 2024; baseline 0.003 -16"><span class='ocrx_word' id='word_1_191' title='bbox 177 1967 463 2020; x_wconf 84' lang='lat' dir='ltr'>reperiatur3</span> <span class='ocrx_word' id='word_1_192' title='bbox 492 1967 736 2022; x_wconf 87' lang='lat' dir='ltr'>plerasque</span> <span class='ocrx_word' id='word_1_193' title='bbox 755 1982 866 2011; x_wconf 85' lang='lat' dir='ltr'>vero</span> <span class='ocrx_word' id='word_1_194' title='bbox 894 1982 991 2011; x_wconf 89' lang='lat' dir='ltr'>esse</span> <span class='ocrx_word' id='word_1_195' title='bbox 1019 1969 1124 2022; x_wconf 89' lang='lat' dir='ltr'>quis</span> <span class='ocrx_word' id='word_1_196' title='bbox 1152 1970 1314 2021; x_wconf 89' lang='lat' dir='ltr'>nescit,</span> <span class='ocrx_word' id='word_1_197' title='bbox 1333 1984 1451 2024; x_wconf 89' lang='lat' dir='ltr'>quae</span> 
     </span>
     <span class='ocr_line' id='line_1_29' title="bbox 177 2032 1507 2086; baseline 0.003 -13"><span class='ocrx_word' id='word_1_198' title='bbox 177 2033 302 2074; x_wconf 90' lang='lat' dir='ltr'>totae</span> <span class='ocrx_word' id='word_1_199' title='bbox 339 2032 391 2074; x_wconf 94' lang='lat' dir='ltr'>in</span> <span class='ocrx_word' id='word_1_200' title='bbox 422 2032 519 2074; x_wconf 91' lang='lat' dir='ltr'>sola</span> <span class='ocrx_word' id='word_1_201' title='bbox 549 2033 776 2086; x_wconf 80' lang='lat' dir='ltr'>qualitate</span> <span class='ocrx_word' id='word_1_202' title='bbox 809 2033 1066 2075; x_wconf 88' lang='lat' dir='ltr'>consistant</span> <span class='ocrx_word' id='word_1_203' title='bbox 1084 2035 1102 2076; x_wconf 78' lang='grc' dir='ltr'><strong><em>Ρ</em></strong></span> <span class='ocrx_word' id='word_1_204' title='bbox 1157 2034 1215 2076; x_wconf 95' lang='lat' dir='ltr'>In</span> <span class='ocrx_word' id='word_1_205' title='bbox 1244 2034 1451 2077; x_wconf 90' lang='lat' dir='ltr'>consiliis</span> <span class='ocrx_word' id='word_1_206' title='bbox 1464 2048 1507 2082; x_wconf 83' lang='lat'>16</span> 
     </span>
     <span class='ocr_line' id='line_1_30' title="bbox 177 2097 1450 2152; baseline 0.002 -14"><span class='ocrx_word' id='word_1_207' title='bbox 177 2110 288 2138; x_wconf 83' lang='lat' dir='ltr'>vero</span> <span class='ocrx_word' id='word_1_208' title='bbox 307 2110 425 2150; x_wconf 89' lang='lat' dir='ltr'>quae</span> <span class='ocrx_word' id='word_1_209' title='bbox 444 2097 566 2139; x_wconf 87' lang='lat' dir='ltr'>ratio</span> <span class='ocrx_word' id='word_1_210' title='bbox 593 2097 818 2140; x_wconf 89' lang='lat' dir='ltr'>suadendi</span> <span class='ocrx_word' id='word_1_211' title='bbox 838 2100 907 2140; x_wconf 91' lang='lat' dir='ltr'>est</span> <span class='ocrx_word' id='word_1_212' title='bbox 926 2098 986 2140; x_wconf 88' lang='lat' dir='ltr'>ab</span> <span class='ocrx_word' id='word_1_213' title='bbox 1015 2098 1199 2141; x_wconf 87' lang='lat' dir='ltr'>honesti</span> <span class='ocrx_word' id='word_1_214' title='bbox 1220 2100 1450 2152; x_wconf 88' lang='lat' dir='ltr'>quaestio-</span> 
     </span>
     <span class='ocr_line' id='line_1_31' title="bbox 177 2162 1451 2217; baseline 0.002 -14"><span class='ocrx_word' id='word_1_215' title='bbox 177 2174 235 2203; x_wconf 91' lang='lat' dir='ltr'>ne</span> <span class='ocrx_word' id='word_1_216' title='bbox 264 2162 498 2215; x_wconf 84' lang='lat' dir='ltr'>seposita?</span> <span class='ocrx_word' id='word_1_217' title='bbox 554 2162 680 2216; x_wconf 79' lang='lat' dir='ltr'>Quin</span> <span class='ocrx_word' id='word_1_218' title='bbox 719 2162 803 2204; x_wconf 92' lang='lat' dir='ltr'>illa</span> <span class='ocrx_word' id='word_1_219' title='bbox 831 2163 973 2204; x_wconf 91' lang='lat' dir='ltr'>etiam</span> <span class='ocrx_word' id='word_1_220' title='bbox 1011 2177 1120 2217; x_wconf 90' lang='lat' dir='ltr'>pars</span> <span class='ocrx_word' id='word_1_221' title='bbox 1148 2164 1303 2215; x_wconf 90' lang='lat' dir='ltr'>tertia,</span> <span class='ocrx_word' id='word_1_222' title='bbox 1332 2178 1451 2217; x_wconf 90' lang='lat' dir='ltr'>quae</span> 
     </span>
     <span class='ocr_line' id='line_1_32' title="bbox 177 2224 1507 2283; baseline 0.004 -17"><span class='ocrx_word' id='word_1_223' title='bbox 177 2224 401 2267; x_wconf 89' lang='lat' dir='ltr'>laudandi</span> <span class='ocrx_word' id='word_1_224' title='bbox 421 2240 474 2268; x_wconf 92' lang='lat' dir='ltr'>ac</span> <span class='ocrx_word' id='word_1_225' title='bbox 489 2227 789 2281; x_wconf 87' lang='lat' dir='ltr'>vituperandi</span> <span class='ocrx_word' id='word_1_226' title='bbox 810 2227 972 2270; x_wconf 90' lang='lat' dir='ltr'>officiis</span> <span class='ocrx_word' id='word_1_227' title='bbox 991 2228 1271 2280; x_wconf 90' lang='lat' dir='ltr'>continetur,</span> <span class='ocrx_word' id='word_1_228' title='bbox 1286 2232 1450 2283; x_wconf 81' lang='lat' dir='ltr'>nempe</span> <span class='ocrx_word' id='word_1_229' title='bbox 1464 2242 1507 2277; x_wconf 78' lang='lat'>17</span> 
     </span>
     <span class='ocr_line' id='line_1_33' title="bbox 178 2288 1450 2345; baseline 0.004 -14"><span class='ocrx_word' id='word_1_230' title='bbox 178 2288 229 2330; x_wconf 86' lang='lat' dir='ltr'>in</span> <span class='ocrx_word' id='word_1_231' title='bbox 247 2291 453 2332; x_wconf 88' lang='lat' dir='ltr'>tractatu</span> <span class='ocrx_word' id='word_1_232' title='bbox 471 2291 586 2333; x_wconf 86' lang='lat' dir='ltr'>recti</span> <span class='ocrx_word' id='word_1_233' title='bbox 611 2292 838 2345; x_wconf 89' lang='lat' dir='ltr'>pravique</span> <span class='ocrx_word' id='word_1_234' title='bbox 858 2294 1085 2336; x_wconf 89' lang='lat' dir='ltr'>versatur.</span> <span class='ocrx_word' id='word_1_235' title='bbox 1144 2294 1222 2335; x_wconf 91' lang='lat' dir='ltr'>An</span> <span class='ocrx_word' id='word_1_236' title='bbox 1242 2293 1298 2336; x_wconf 91' lang='lat' dir='ltr'>de</span> <span class='ocrx_word' id='word_1_237' title='bbox 1318 2293 1450 2335; x_wconf 90' lang='lat' dir='ltr'>iusti-</span> 
     </span>
     <span class='ocr_line' id='line_1_34' title="bbox 177 2353 1451 2415; baseline 0.005 -20"><span class='ocrx_word' id='word_1_238' title='bbox 177 2353 259 2405; x_wconf 90' lang='lat' dir='ltr'>tia,</span> <span class='ocrx_word' id='word_1_239' title='bbox 278 2354 570 2407; x_wconf 81' lang='lat' dir='ltr'>fortitudine,</span> <span class='ocrx_word' id='word_1_240' title='bbox 599 2356 898 2408; x_wconf 88' lang='lat' dir='ltr'>abstinentia,</span> <span class='ocrx_word' id='word_1_241' title='bbox 925 2358 1249 2412; x_wconf 89' lang='lat' dir='ltr'>temperantia,</span> <span class='ocrx_word' id='word_1_242' title='bbox 1277 2358 1451 2415; x_wconf 87' lang='lat' dir='ltr'>pietate</span> 
     </span>
    </p>
   </div>
  </div>
 </body>
</html>
