1696 2638
248 190 304 233 84
559 189 681 225 INST.
712 190 920 225 ORATOR.
952 190 995 233 X,
1028 192 1058 233 7,
1088 192 1208 226 29-32.

191 308 234 342 29
246 301 432 356 penitus
452 302 766 345 descendendo
795 303 1051 347 firmentur.
1108 305 1180 346 Ac
1199 305 1353 347 nescio
1381 318 1455 356 an,
1473 303 1514 347 si

246 369 497 420 utrumque
518 381 624 409 cum
651 381 763 410 cura
782 370 827 411 et
858 368 1013 410 studio
1033 369 1293 420 fecerimus,
1313 369 1515 411 invicem

246 432 406 486 prosit,
425 434 479 473 ut
509 432 750 474 scribendo
778 433 987 475 dicamus
1016 433 1302 486 diligentius,
1321 433 1514 475 dicendo

248 496 504 538 scribamus
538 495 737 538 facilius.
807 496 1113 539 Scribendum
1147 510 1269 550 ergo,
1300 497 1514 550 quotiens

247 559 428 611 licebit;
458 560 497 601 si
526 559 573 601 id
602 573 696 601 non
725 559 928 612 dabitur,
948 561 1273 614 cogitandum3
1301 561 1360 602 ab
1389 563 1514 603 utro-

248 637 336 677 que
364 623 539 666 exclusi
576 623 745 666 debent
781 626 939 667 tamen
977 625 1025 666 id
1063 626 1250 677 efficere,
1275 627 1329 667 ut
1366 639 1513 678 neque

247 688 498 742 deprensus
529 690 684 730 orator
716 702 864 742 neque
897 689 1108 743 litigator
1139 689 1390 732 destitutus
1418 703 1514 731 esse

247 753 476 796 videatur.

191 826 249 860 80·
328 819 608 872 Plerumque
636 820 793 861 autem
813 818 963 860 multa
992 819 1239 872 agentibus
1259 818 1440 869 accidit,
1459 821 1514 860 ut

247 883 448 925 maxime
462 883 720 925 necessaria
738 885 784 925 et
802 883 964 936 utique
979 883 1116 924 initia
1131 883 1348 940 scribant,
1364 885 1514 925 cetera

247 961 365 1001 quae
393 944 528 989 domo
566 947 785 989 adferunt
823 947 1104 1001 cogitatione
1134 947 1513 1001 complectantur,

247 1012 415 1054 subitis
452 1025 508 1054 ex
545 1014 751 1066 tempore
779 1014 1047 1065 occurrant3
1090 1012 1214 1065 quod
1251 1012 1413 1054 fecisse
1450 1012 1512 1054 Μ.

248 1076 456 1118 Tullium
471 1076 815 1118 commentariis
835 1076 981 1130 ipsius
997 1078 1200 1130 apparet.
1250 1076 1337 1119 Sed
1357 1076 1513 1118 ferun-

247 1143 326 1183 tur
345 1141 546 1183 aliorum
565 1155 747 1194 quoque
767 1143 813 1183 et
832 1142 1012 1183 inventi
1042 1141 1176 1193 forte,
1195 1142 1251 1182 ut
1271 1154 1346 1183 eos
1366 1141 1513 1183 dictu-

247 1219 327 1247 rus
357 1205 552 1259 quisque
582 1207 915 1259 composuerat,
936 1207 982 1247 et
1013 1206 1063 1246 in
1093 1205 1236 1247 libros
1257 1205 1440 1259 digesti,
1458 1207 1513 1247 ut

247 1283 506 1321 causarum,
518 1283 635 1323 quae
655 1272 765 1311 sunt
782 1272 910 1312 actae
926 1284 953 1312 a
969 1270 1128 1313 Servio
1150 1269 1368 1324 Sulpicio,
1381 1270 1512 1312 cuius

246 1335 341 1376 tres
378 1334 608 1376 orationes
637 1336 821 1387 extant3
850 1334 929 1376 sed
965 1334 1016 1375 hi
1054 1334 1110 1376 de
1143 1334 1312 1388 quibus
1348 1334 1513 1388 loquor

247 1398 567 1440 commentarii
597 1399 665 1440 ita
685 1401 794 1440 sunt
824 1398 987 1450 exacti,
1010 1401 1065 1440 ut
1095 1399 1154 1441 ab
1185 1399 1285 1453 ipso
1314 1399 1432 1440 mihi
1462 1399 1512 1441 in

246 1463 518 1505 memoriam
546 1463 831 1517 posteritatis
851 1460 1100 1505 videantur
1130 1477 1226 1506 esse
1256 1463 1510 1518 compositi.

190 1527 233 1563 81
247 1528 370 1570 Nam
390 1527 624 1571 Ciceronis
643 1528 702 1569 ad
730 1541 945 1582 praesens
964 1528 1100 1570 modo
1128 1530 1311 1582 tempus
1329 1530 1512 1582 aptatos

246 1591 442 1634 libertus
480 1592 588 1634 Tiro
626 1592 882 1645 contraxit3
919 1606 1035 1645 quos
1062 1606 1156 1634 non
1192 1592 1294 1634 ideo
1331 1606 1511 1644 excuso,

247 1657 357 1711 quia
375 1670 469 1698 non
496 1657 701 1711 probem,
721 1656 799 1699 sed
817 1659 872 1699 ut
901 1657 995 1699 sint
1023 1657 1173 1710 magis
1201 1657 1510 1700 admirabiles.

248 1721 305 1764 In
323 1721 410 1763 hoc
429 1735 595 1774 genere
614 1735 803 1775 prorsus
823 1722 994 1775 recipio
1013 1721 1134 1763 hanc
1162 1721 1351 1764 brevem
1371 1721 1510 1764 adno-

246 1785 472 1828 tationem
500 1785 783 1839 libellosque,
803 1786 885 1839 qui
914 1786 989 1828 vel
1017 1800 1160 1828 manu
1188 1788 1446 1838 teneantur,
1465 1788 1511 1829 et

190 1853 234 1888 82
247 1849 306 1892 ad
344 1863 459 1903 quos
495 1850 685 1892 interim
722 1850 946 1904 respicere
985 1850 1057 1892 fas
1095 1850 1167 1893 sit.
1225 1850 1350 1892 Illud
1387 1850 1510 1904 quod

248 1914 426 1956 Laenas
456 1914 681 1968 praecipit
711 1914 924 1969 displicet
954 1914 1086 1966 mihi,
1105 1914 1180 1956 vel
1210 1915 1260 1956 in
1289 1914 1363 1956 his
1393 1928 1511 1968 quae

248 1972 567 2032 scripserimus
587 1992 792 2020 summas
811 1979 862 2020 in
881 1979 1266 2021 commentarium
1285 1981 1331 2021 et
1358 1979 1511 2033 capita

247 2043 468 2086 conferre.
553 2043 686 2090 Facit
733 2043 857 2085 enim
895 2043 1124 2085 ediscendi
1169 2043 1511 2097 neglegentiam

246 2105 359 2149 haec
391 2107 493 2161 ipsa
520 2107 692 2150 fiducia
719 2109 765 2149 et
798 2107 971 2149 lacerat
1000 2121 1053 2149 ac
1081 2107 1312 2150 deformat
1345 2108 1511 2150 oratio·

247 2184 364 2214 nem.
423 2172 526 2225 Ego
556 2174 712 2214 autem
749 2186 807 2214 ne
838 2171 1132 2214 scribendum
1162 2172 1349 2225 quidem
1381 2174 1511 2227 puto,

248 2236 370 2289 quod
400 2251 494 2278 non
524 2237 669 2278 simus
702 2236 925 2278 memoria
955 2236 1252 2290 persecuturi.
1310 2237 1432 2279 Nam
1461 2237 1510 2279 id

247 2313 429 2354 quoque
461 2301 643 2350 accidit,
672 2302 727 2342 ut
757 2302 940 2342 revocet
971 2314 1055 2342 nos
1085 2300 1305 2354 cogitatio
1337 2301 1396 2344 ad
1428 2301 1510 2344 illa

247 2363 483 2408 elaborata
501 2379 584 2407 nec
600 2366 723 2406 sinat
741 2365 1028 2418 praesentem
1043 2364 1283 2409 fortunam
1297 2365 1509 2424 experiri.
