1696 2638
510 181 630 216 ms'r.
663 181 872 216 ORATOR.
903 180 987 223 xn,
1018 182 1050 223 2,
1079 181 1157 216 4-8.
1404 182 1459 224 99

187 310 328 352 quam
365 295 616 339 eruditiore
653 295 811 349 aliquo
857 308 1069 337 sermone
1112 294 1364 337 tractarit?
1419 294 1459 337 Ο

187 376 328 416 quam
365 361 492 403 istud
528 374 728 415 parvum
766 361 949 414 putant,
987 359 1158 412 quibus
1194 361 1293 400 tam
1322 359 1459 401 facile

187 427 396 469 videtur!
453 426 541 469 Sed
569 425 656 467 hoc
685 427 884 476 transeo,
903 424 959 466 de
988 438 1080 477 quo
1110 424 1358 475 neminem,
1377 424 1494 477 qui4

187 491 366 533 litteras
403 490 479 532 vel
515 489 693 545 primis,
726 491 779 530 ut
817 489 966 540 aiunt,
1002 488 1149 530 labris
1186 487 1459 541 degustarit,

187 555 513 597 dubitaturum
531 557 658 609 puto.
715 553 793 596 Ad
812 553 933 595 illud
953 567 1147 607 sequens
1175 554 1460 607 praevortar,

188 634 244 662 ne
263 620 445 662 dicendi
474 619 662 673 quidem
683 619 795 660 satis
824 618 1044 672 peritum¹
1058 618 1171 670 fore,
1190 618 1271 671 qui
1300 631 1395 659 non
1413 619 1460 660 et

187 687 381 726 naturae
401 685 499 726 vim
519 698 703 734 omnem
722 683 909 737 penitus
929 683 1215 737 perspexerit
1234 685 1280 724 et
1309 696 1459 724 mores

187 750 444 804 praeceptis
490 763 543 791 ac
589 749 770 790 ratione
817 748 1046 791 formarit.
1126 748 1288 801 Neque
1335 747 1492 790 enim5

187 814 366 856 frustra
402 814 453 855 111
498 813 638 855 tertio
676 813 731 856 de
770 813 965 856 Oratore
1002 813 1124 855 libro
1172 813 1222 855 L.
1263 813 1458 856 Crassus

187 883 368 931 cuncta,
400 892 517 932 quae
548 878 604 920 de
637 892 797 932 aequo,
830 878 968 929 iusto,
998 891 1124 929 vero,
1156 877 1278 919 bono
1311 877 1459 931 deque

186 944 259 996 iis,
277 957 395 998 quae
415 946 525 985 sunt
544 945 706 985 contra
724 943 890 997 posita,
906 942 1136 994 dicantur,
1155 942 1345 996 propria
1363 956 1459 984 esse

187 1010 383 1053 oratoris
402 1009 633 1060 adfirmat,
652 1022 705 1051 ac
734 1008 1048 1063 philosophos,
1068 1022 1175 1050 cum
1195 1021 1248 1050 ea
1276 1008 1460 1050 dicendi

186 1075 368 1118 viribus
400 1076 608 1125 tuentur,
640 1074 713 1115 uti
750 1073 992 1115 rhetorum
1029 1073 1186 1124 armis,
1214 1087 1309 1114 non
1346 1073 1458 1116 suis.

188 1140 317 1183 Idem
345 1142 503 1181 tamen
522 1138 781 1190 confitetur,
801 1152 855 1180 ea
877 1138 974 1179 iam
993 1151 1089 1180 esse
1109 1152 1137 1179 a
1164 1137 1461 1192 philosophia

186 1204 397 1259 petenda,
415 1203 632 1246 videlicet
661 1203 772 1256 quia
790 1203 942 1256 magis
970 1202 1084 1244 haec
1109 1202 1182 1244 illi
1202 1202 1390 1245 videtur
1409 1203 1460 1244 in
1472 1213 1493 1247 6

186 1269 470 1323 possessione
516 1281 676 1310 earum
722 1281 879 1309 rerum
926 1267 1082 1309 fuisse.
1154 1267 1279 1309 Hlnc
1317 1267 1460 1308 etiam

186 1333 306 1376 illud
325 1336 407 1385 est,
426 1332 551 1386 quod
570 1332 732 1376 Cicero
756 1331 972 1385 pluribus
991 1333 1037 1373 et
1065 1331 1200 1373 libris
1220 1333 1265 1373 et
1294 1331 1460 1385 episto-

186 1398 246 1441 lis
274 1400 487 1449 testatur,
513 1397 696 1439 dicendi
727 1395 1004 1438 facultatem
1036 1409 1093 1438 ex
1125 1395 1307 1438 intimis
1341 1396 1460 1450 sapi-

186 1464 338 1506 entiae
368 1463 580 1505 fontibus
610 1462 766 1512 fluere,
786 1460 979 1514 ideoque
1010 1461 1301 1514 aliquamdiu
1331 1475 1460 1515 prae-

186 1531 393 1583 ceptores
431 1527 615 1570 eosdem
662 1527 807 1568 fuisse
853 1540 1038 1568 morum
1076 1528 1215 1579 atque
1262 1526 1458 1569 dicendi.

188 1594 481 1648 Quapropter
499 1592 612 1634 haec
633 1591 896 1634 exhortatio
918 1604 1022 1633 mea
1040 1604 1135 1632 non
1163 1605 1216 1633 eo
1244 1591 1461 1645 pertinet,

186 1662 241 1702 ut
260 1673 356 1702 esse
375 1661 606 1701 oratorem
631 1657 962 1711 philosophum
982 1655 1140 1708 velim,
1159 1656 1345 1710 quando
1365 1671 1459 1699 non

187 1724 280 1767 alia
309 1724 435 1766 vitae
464 1725 588 1765 secta
615 1722 803 1775 longius
828 1735 856 1763 a
884 1721 1104 1764 civilibus
1132 1715 1294 1763 officiis
1322 1723 1461 1775 atque

187 1790 246 1832 ab
284 1788 410 1831 omni
448 1801 638 1830 munere
679 1786 877 1828 oratoris
923 1786 1121 1829 recessit.
1197 1786 1319 1828 Nam
1356 1786 1461 1840 quis
1474 1796 1496 1830 ’7

187 1852 570 1907 philosophorum
589 1853 672 1893 aut
690 1851 741 1892 in
760 1850 948 1892 iudiciis
968 1851 1186 1904 frequens
1206 1852 1288 1892 aut
1307 1850 1461 1893 clarus

186 1917 237 1959 in
256 1917 552 1959 contionibus
577 1916 672 1957 fuit
691 1917 709 1958 ἱ)
764 1914 880 1969 Quis
899 1915 1097 1968 denique
1116 1915 1167 1956 111
1185 1915 1300 1969 ipsa,
1319 1929 1461 1969 quam

187 1981 388 2024 maxime
425 1981 634 2035 plerique
671 1980 979 2034 praecipiunt,
1017 1980 1084 2022 rei
1131 1979 1346 2034 publicae
1383 1980 1461 2022 ad-

187 2046 530 2088 ministratione
567 2048 780 2087 versatus
818 2046 924 2087 est?
990 2045 1140 2098 Atqui
1187 2058 1273 2099 ego
1309 2044 1461 2097 illum,

187 2124 326 2165 quem
361 2110 572 2162 instituo,
610 2111 875 2152 Romanum
912 2109 1145 2163 quendam
1182 2109 1327 2152 velim
1364 2124 1461 2152 esse

188 2175 458 2230 sapientem,
486 2175 568 2229 qui
598 2189 692 2217 non
723 2174 910 2216 secretis
940 2174 1351 2229 disputationibus,
1381 2174 1460 2217 sed

187 2254 344 2282 rerum
372 2239 700 2294 experimentis
728 2241 868 2292 atque
897 2239 1115 2293 operibus
1144 2253 1191 2282 se
1210 2253 1318 2282 vere
1347 2239 1460 2282 civi-

188 2305 280 2347 lem
311 2305 470 2347 virum
502 2304 730 2347 exhibeat.
800 2303 887 2347 Sed
918 2304 1030 2357 quia
1062 2304 1244 2354 deserta
1276 2304 1335 2346 ab
1372 2304 1494 2356 his,8

189 2369 270 2424 qui
290 2382 337 2412 se
355 2369 415 2412 ad
443 2369 754 2423 eloquentiam
773 2368 1087 2421 contulerunt,
1106 2369 1263 2412 studia
1282 2369 1461 2424 sapien-
