1696 2638
482 198 604 235 INST.
634 199 844 235 ORATOR.
874 198 920 242 X,
949 199 982 242 5,
1013 198 1132 234 14-17.
1389 196 1447 243 '¹13

171 314 260 365 tas,
278 313 318 356 si
336 313 642 366 magistratus
661 313 955 366 rogationem
982 325 1117 354 suam
1146 310 1321 365 populo
1348 310 1447 364 ipse

171 377 440 420 recitaverit
458 379 500 420 ?’
546 377 687 420 ‘Milo
725 377 943 420 Clodium
979 378 1163 418 rectene
1199 374 1446 427 occiderit,’

172 442 332 485 veniat
362 443 413 484 in
438 442 680 494 iudicium,
698 455 773 493 an,
802 442 815 461 ‘
828 443 1098 496 oporteatne
1126 439 1447 482 insidiatorem

172 507 373 549 interfici
418 506 494 549 vel
540 506 854 561 perniciosum
899 506 967 548 rei
1022 505 1236 560 publicae
1282 504 1447 557 civem,

172 571 356 614 etiamsi
384 585 479 613 non
506 571 755 614 insidietur
773 572 815 614 ?'
856 571 869 589 ‘
882 570 1000 614 Cato
1028 570 1257 623 Marciam
1284 569 1447 612 hones-

172 637 278 678 tene
310 636 558 693 tradiderit
590 635 871 687 Hortensio,’
904 649 979 687 an,
1008 634 1340 677 ‘conveniatne
1373 648 1447 677 res

171 700 281 743 talis
308 701 430 743 bono
458 701 561 743 viro
579 702 621 744 ?'
676 701 746 744 De
773 701 984 756 personis
1011 699 1262 751 iudicatur,
1282 699 1362 742 sed
1389 699 1446 742 de

172 765 311 808 rebus
331 765 640 809 contenditur.

254 830 725 873 Declamationes
753 844 879 882 vero,
898 829 1058 884 quales
1076 829 1128 871 in
1147 828 1318 871 scholis
1345 828 1447 872 rhe-
1460 825 1504 859 14

111 939 116 943 ,
175 896 333 937 torum
361 894 596 947 dicuntur,
625 895 666 937 si
698 894 835 937 modo
864 896 974 937 sunt
1007 894 1067 936 ad
1094 894 1342 936 veritatem
1374 907 1447 936 ac-

175 959 492 1002 commodatae
520 962 566 1002 et
599 960 889 1004 orationibus
918 959 1106 1011 similes,
1134 972 1229 1001 non
1259 961 1447 1001 tantum

173 1023 287 1066 dum
316 1023 538 1067 adolescit
568 1024 754 1067 iuvenis
784 1027 895 1066 sunt
925 1024 1217 1075 utilissimae,
1237 1024 1348 1077 quia
1377 1023 1447 1065 in-

173 1089 441 1131 ventionem
461 1091 507 1132 et
535 1089 888 1144 dispositionem
916 1089 1092 1143 pariter
1120 1090 1348 1140 exercent,
1368 1088 1447 1131 sed

174 1154 317 1210 etiam
336 1167 443 1196 cum
458 1155 527 1196 est
547 1156 896 1196 consummatus
910 1167 964 1196 ac
983 1154 1079 1196 iam
1097 1153 1148 1195 in
1163 1154 1266 1195 foro
1281 1153 1446 1197 clarus,

174 1218 337 1260 Alitur
355 1219 480 1261 enim
499 1221 639 1272 atque
659 1218 872 1261 enitescit
891 1218 1022 1260 velut
1050 1217 1224 1273 pabulo
1251 1217 1447 1260 laetiore

174 1282 396 1325 facundia
424 1285 470 1325 et
498 1283 685 1325 assidua
713 1283 1066 1325 contentionum
1094 1282 1345 1337 asperitate
1378 1282 1447 1324 fa-

130 1380 139 1389 .
174 1347 326 1401 tigata
357 1350 621 1391 renovatur.
681 1347 974 1402 Quapropter
1010 1347 1302 1389 historiae
1335 1360 1447 1388 non·
1461 1349 1503 1382 15

174 1412 638 1466 numquam-ubertas
657 1413 708 1454 in
733 1412 892 1466 aliqua
920 1411 1162 1454 exercendi
1190 1411 1288 1454 stili
1316 1414 1448 1466 parte

173 1477 388 1531 ponenda
417 1479 463 1520 et
493 1477 862 1531 dialogorum
891 1477 1108 1519 libertate
1140 1476 1446 1530 gestiendum.

175 1542 245 1584 Ne
273 1543 528 1585 carmine
556 1542 744 1596 quidem
770 1542 930 1585 ludere
960 1541 1249 1584 contrarium
1279 1541 1423 1584 fuerit
1436 1557 1447 1594 3

175 1606 296 1648 sicut
342 1606 558 1658 athletae,
596 1604 811 1649 remissa
831 1606 1114 1661 quibusdam
1160 1606 1448 1660 temporibus

175 1671 387 1713 ciborum
419 1674 559 1725 atque
589 1671 977 1714 exercitationum
1008 1673 1134 1714 certa
1162 1670 1448 1722 necessitate,

176 1736 271 1778 otio
291 1738 337 1778 et
356 1735 711 1778 iucundioribus
731 1735 880 1790 epulis
901 1735 1187 1778 reficiuntur.
1247 1735 1448 1789 Ideoque
1463 1741 1503 1774 16
1550 1731 1552 1733 ’

175 1800 294 1842 mihi
331 1800 521 1843 videtur
557 1801 620 1843 M.
659 1801 843 1843 Tullius
879 1802 1067 1842 tantum
1103 1799 1320 1842 intulisse
1358 1799 1448 1842 elo-

176 1865 393 1918 quentiae
422 1865 596 1917 lumen,
619 1865 742 1919 quod
772 1866 823 1907 in
854 1865 941 1907 hos
973 1879 1156 1919 quoque
1186 1865 1449 1908 studiorum

176 1943 379 1972 secessus
415 1931 632 1973 excurrit.
708 1930 831 1972 Nam
868 1929 909 1972 si
946 1929 1081 1972 nobis
1118 1929 1217 1972 sola
1252 1930 1450 1972 materia

177 1994 321 2036 fuerit
352 2009 408 2037 ex
437 1995 615 2046 litibus,
634 2008 817 2037 necesse
847 1996 916 2036 est
946 1994 1184 2036 deteratur
1214 1994 1373 2048 fulgor
1403 1996 1449 2036 et

177 2059 392 2102 durescat
419 2059 646 2102 articulus
665 2061 711 2102 et
733 2059 831 2113 ipse
850 2058 931 2101 ille
949 2072 1111 2102 mucro
1129 2059 1310 2113 ingenii
1337 2059 1448 2101 coti-

176 2123 316 2165 diana
334 2137 494 2178 pugna
512 2123 804 2167 retundatur.

258 2188 346 2231 Sed
383 2188 773 2242 quemadmodum
811 2187 1076 2231 forensibus
1113 2187 1448 2231 certaminibus
1462 2199 1503 2234 17

177 2254 452 2296 exercitatos
482 2256 529 2296 et
559 2254 692 2307 quasi
723 2253 974 2296 militantis
1004 2253 1152 2296 reficit
1181 2268 1235 2296 ac
1263 2255 1448 2308 reparat

176 2316 291 2359 haec
322 2317 454 2359 velut
486 2319 651 2371 sagina
682 2317 880 2369 dicendi,
910 2318 976 2360 sic
1009 2318 1324 2361 adulescentes
1354 2331 1449 2360 non

177 2378 347 2423 debent
365 2381 566 2423 nimium
584 2382 635 2423 in
655 2381 776 2424 falsa
790 2395 948 2424 rerum
965 2382 1171 2436 imagine
1185 2382 1383 2425 detineri
1402 2383 1448 2424 et
