1696 2638
492 177 614 212 INST.
645 177 854 212 ORATOR.
884 177 928 220 X,
961 179 991 219 1,
1021 178 1120 214 8-11.
1384 181 1440 223 29

170 289 316 341 ribus,
348 292 408 342 et,
436 305 543 333 cum
575 293 726 333 essent
759 292 832 333 usi
865 291 1036 345 aliquo,
1063 285 1108 334 'si
1139 292 1282 334 breve
1313 292 1441 335 intra

172 356 375 410 spatium
413 369 576 398 rursus
604 355 956 409 desideraretur,
989 356 1282 410 effugiendae
1314 370 1440 411 repe-

172 419 352 462 titionis
372 419 526 473 gratia
545 423 780 462 sumerent
803 420 947 473 aliud,
966 434 1058 475 quo
1077 420 1202 463 idem
1229 421 1440 476 intellegi

170 486 336 538 posset.
394 484 527 538 Quod
557 487 752 527 cumest
780 485 958 540 puerile
986 488 1032 529 et
1060 486 1305 529 cuiusdam
1323 487 1440 530 infe-

170 548 273 591 licis
311 563 487 603 operae,
533 551 636 591 tum
673 551 815 592 etiam
851 550 969 593 utile
1013 565 1204 605 parum3
1250 552 1440 594 turbam

170 613 296 655 enim
323 616 509 656 tantum
539 617 805 669 congregat,
835 629 892 658 ex
920 629 1013 669 qua
1039 617 1144 659 sine
1172 616 1440 660 discrimine

170 680 362 732 occupet
381 679 647 732 proximum
666 679 891 733 quodque.

251 743 399 786 Nobis
432 746 589 786 autem
620 745 753 798 copia
783 759 891 787 cum
923 745 1098 788 iudicio
1130 746 1339 800 paranda
1371 749 1472 790 est8

170 808 269 850 vim
288 808 465 860 orandi,
477 822 571 850 non
591 809 936 852 circulatoriam
950 810 1296 854 volubilitatem
1317 825 1439 866 spec-

169 873 392 916 tantibus.
451 873 506 915 Id
543 876 700 916 autem
738 888 1071 928 consequemur
1107 876 1326 930 optima
1361 876 1439 918 le-

170 938 353 992 gendo
392 940 564 992 atque
605 938 904 983 audiendo.
973 940 1080 982 Non
1121 941 1246 983 enim
1288 941 1439 983 solum

169 1003 360 1044 nomina
391 1003 494 1057 ipsa
526 1017 682 1045 rerum
715 1018 1043 1058 cognoscemus
1080 1005 1168 1047 hac
1205 1019 1331 1057 cura,
1361 1006 1439 1048 sed

169 1067 294 1121 quod
312 1081 494 1121 quoque
512 1067 614 1109 loco
634 1068 695 1110 sit
714 1069 1020 1122 aptissimum.
1070 1070 1300 1113 Omnibus
1315 1071 1439 1113 enim
1451 1079 1473 1113 9

169 1133 266 1175 fere
285 1132 440 1175 verbis
469 1135 651 1187 praeter
679 1148 841 1188 pauca,
860 1148 978 1188 quae
997 1137 1108 1176 sunt
1126 1148 1294 1189 parum
1313 1149 1440 1177 vere-

169 1197 335 1249 cunda,
348 1197 400 1238 in
419 1198 627 1241 oratione
644 1198 775 1240 locus
794 1201 874 1242 est.
932 1200 1054 1241 Nam
1074 1200 1321 1254 scriptores
1340 1200 1440 1254 qui-

169 1262 274 1305 dem
311 1263 576 1306 iamborum
605 1264 867 1317 veterisque
906 1264 1167 1307 comoediae
1206 1265 1348 1307 etiam
1388 1265 1440 1306 in

168 1327 263 1370 illis
283 1341 416 1382 saepe
434 1328 712 1380 laudantur3
741 1328 820 1370 sed
839 1329 974 1371 nobis
993 1331 1206 1371 nostrum
1226 1343 1341 1383 opus
1371 1330 1440 1371 in-

168 1394 291 1435 tueri
320 1395 392 1435 sat
420 1395 501 1437 est.
570 1393 740 1437 Omnia
768 1394 925 1445 verba,
953 1394 1156 1448 exceptis
1184 1394 1241 1436 de
1269 1394 1439 1447 quibus

168 1457 282 1510 dixi,
301 1460 411 1500 sunt
429 1458 604 1500 alicubi
623 1459 824 1513 optima;
852 1473 963 1501 nam
982 1461 1028 1501 et
1045 1459 1305 1501 humilibus
1324 1459 1440 1502 inte-

168 1522 261 1564 rim
285 1524 331 1565 et
350 1522 626 1576 vulgaribus
657 1525 726 1566 est
756 1537 886 1578 opus,
911 1526 957 1566 et
987 1537 1105 1577 quae
1138 1523 1357 1566 nitidiore
1389 1524 1440 1565 in

168 1589 301 1642 parte
332 1587 554 1629 videntur
587 1588 786 1640 sordida,
824 1588 909 1630 ubi
947 1602 1020 1631 res
1058 1589 1222 1642 poscit,
1254 1589 1440 1643 proprie

169 1651 402 1695 dicuntur.
459 1652 588 1695 Haec
607 1655 661 1694 ut
681 1653 882 1695 sciamus
902 1655 1041 1707 atque
1061 1667 1222 1709 eorum
1235 1666 1330 1695 non
1349 1654 1440 1707 sig·
1454 1666 1494 1700 10

169 1717 484 1759 nificationem
498 1717 649 1769 modo,
664 1718 743 1760 sed
763 1718 939 1760 formas
954 1718 1095 1760 etiam
1109 1732 1440 1772 mensurasque

169 1782 392 1833 norimus,
411 1783 479 1833 ut,
497 1781 779 1836 ubicumque
799 1784 936 1825 erunt
961 1783 1126 1836 posita,
1146 1783 1441 1835 conveniant,

170 1846 262 1888 nisi
281 1846 431 1888 multa
457 1846 655 1889 lectione
674 1849 813 1901 atque
832 1847 1071 1890 auditione
1099 1847 1291 1903 adsequi
1309 1848 1440 1890 nullo

170 1910 306 1953 modo
334 1925 594 1965 possumus,
613 1925 720 1954 cum
748 1926 933 1955 omnem
962 1926 1220 1955 sermonem
1247 1913 1439 1955 auribus

170 1975 375 2029 primum
412 1977 707 2031 accipiamus.
778 1977 976 2031 Propter
1008 1977 1132 2031 quod
1169 1978 1375 2020 infantes
1412 1991 1440 2019 a

169 2041 315 2082 mutis
339 2040 603 2083 nutricibus
631 2041 761 2083 iussu
791 2055 955 2095 regum
982 2042 1034 2084 in
1062 2042 1314 2085 solitudine
1332 2042 1439 2085 edu-

170 2104 277 2156 cati,
302 2104 485 2148 etiamsi
513 2105 657 2148 verba
685 2106 913 2160 quaedam
941 2107 1146 2150 emisisse
1173 2107 1440 2158 traduntur,

169 2170 326 2211 tamen
343 2168 563 2223 loquendi
583 2170 809 2213 facultate
824 2173 1086 2214 caruerunt.
1144 2172 1264 2215 Sunt
1282 2173 1440 2213 autem
1453 2183 1493 2216 11

170 2232 264 2276 alia
289 2233 431 2276 huius
450 2236 658 2286 naturae,
677 2237 732 2276 ut
750 2234 874 2277 idem
892 2235 1107 2289 pluribus
1126 2236 1321 2278 vocibus
1339 2235 1440 2278 dec-

169 2296 334 2350 larent,
352 2298 420 2340 ita
438 2301 493 2341 ut
511 2298 633 2341 nihil
652 2299 1023 2353 significationis,
1042 2314 1134 2354 quo
1162 2301 1320 2355 potius
1338 2302 1440 2342 uta-

170 2362 250 2414 ris,
280 2362 480 2415 intersit,
512 2365 566 2405 ut
599 2364 611 2383 ‘
624 2364 773 2407 ensis’
805 2366 851 2411 et
882 2365 896 2384 ‘
908 2364 1143 2423 gladius’3
1185 2365 1279 2407 alia
1314 2378 1441 2416 vero,
