1696 2638
259 169 317 212 96
549 166 670 202 INST.
702 167 909 202 ORATOR.
943 166 1026 210 XII,
1059 167 1089 210 1,
1120 167 1240 203 37-41.

261 280 339 323 sed
359 294 532 332 eorum,
552 294 666 334 quos
686 280 988 334 gravissimos
1008 280 1260 334 sapientiae
1278 280 1526 335 magistros

260 347 386 387 aetas
423 347 559 387 vetus
597 344 809 398 credidit)
842 345 907 387 sic
940 344 1136 387 iudicet:
1167 344 1386 399 pleraque
1418 359 1528 398 esse,

261 423 379 463 quae
398 423 492 451 non
521 411 619 451 tam
650 409 788 451 factis
820 423 961 462 quam
991 409 1143 451 causis
1163 423 1324 451 eorum
1343 410 1418 452 vel
1448 410 1527 452 ho-

205 479 248 512 37
260 476 391 516 nesta
410 474 524 515 fiant
544 474 619 516 vel
639 474 808 527 turpia.
866 474 988 516 Nam
1009 474 1048 515 si
1067 474 1304 516 hominem
1324 474 1527 517 occidere

261 552 393 592 saepe
430 538 596 589 virtus,
629 537 799 580 liberos
836 551 1000 580 necare
1036 551 1389 591 nonnumquam
1426 537 1527 592 pul-

260 602 542 645 cherrimum
572 604 653 653 est,
680 602 914 656 asperiora
944 602 1171 655 quaedam
1202 602 1354 644 adhuc
1384 602 1528 654 dictu,

262 667 301 709 si
331 666 590 709 communis
620 666 802 708 utilitas
829 667 1047 720 exegerit,
1067 667 1218 709 facere
1238 666 1526 709 conceditur:

260 745 318 773 ne
354 731 441 773 hoc
479 731 667 784 quidem
704 731 885 772 nudum
919 733 988 773 est
1020 730 1313 782 intuendum,
1343 730 1528 784 qualem

261 810 446 838 causam
466 796 541 838 vir
559 796 723 847 bonus,
743 795 822 838 sed
851 796 992 838 etiam
1012 810 1168 849 quare,
1188 798 1233 838 et
1261 809 1353 849 qua
1372 798 1526 838 mente

205 866 248 901 38
261 861 489 903 defendat.
564 861 635 903 Ac
682 861 887 915 primum
925 861 1177 903 concedant
1214 860 1333 902 mihi
1370 874 1528 902 omnes

261 927 454 979 oportet,
485 925 607 978 quod
639 925 900 968 Stoicorum
938 938 1120 979 quoque
1151 925 1394 979 asperrimi
1424 938 1528 967 con-

261 990 464 1041 fitentur,
502 990 740 1032 facturum
777 989 1028 1043 aliquando
1060 990 1217 1031 virum
1254 989 1444 1041 bonum,
1474 991 1528 1032 ut

261 1054 553 1096 mendacium
581 1054 719 1106 dicat,
747 1056 793 1096 et
821 1054 1008 1107 quidem
1036 1067 1388 1107 nonnumquam
1416 1053 1528 1096 levi-

262 1119 420 1160 oribus
439 1119 614 1161 causis:
642 1121 696 1160 ut
724 1118 775 1160 in
802 1119 958 1173 pueris
978 1118 1329 1172 aegrotantibus
1351 1118 1528 1160 utilita-

261 1184 322 1225 tis
368 1197 527 1226 eorum
573 1183 727 1236 gratia
772 1183 923 1225 multa
969 1183 1204 1237 fingimus,
1240 1183 1392 1225 multa
1434 1197 1528 1225 non

204 1257 248 1292 89
262 1249 434 1290 facturi
461 1248 803 1302 promittimus;
842 1248 1015 1290 nedum
1043 1248 1083 1290 si
1111 1248 1171 1290 ab
1199 1248 1386 1290 homine
1414 1248 1529 1290 occi-

261 1313 408 1355 dendo
446 1315 680 1366 grassator
713 1313 992 1355 avertendus
1031 1313 1104 1364 sit,
1138 1314 1220 1355 aut
1259 1312 1406 1354 hostis
1443 1325 1528 1366 pro

262 1378 410 1420 salute
447 1378 626 1431 patriae
663 1377 921 1429 fallendus3
950 1379 1004 1419 ut
1040 1377 1140 1429 1100,
1171 1377 1294 1431 quod
1332 1377 1448 1419 alias
1477 1377 1528 1419 in

262 1442 406 1484 servis
436 1455 619 1494 quoque
656 1441 1084 1495 reprehendendum
1116 1444 1197 1493 est,
1231 1442 1292 1483 sit
1329 1441 1446 1483 alias
1477 1441 1529 1483 in

261 1506 361 1552 ipso
382 1507 586 1559 sapiente
606 1506 903 1549 laudandum.
962 1506 1016 1548 Id
1036 1506 1076 1548 si
1091 1506 1365 1558 constiterit,
1379 1505 1530 1548 multa

261 1577 355 1612 13111
375 1571 509 1612 video
530 1584 660 1624 posse
676 1571 873 1622 evenire,
893 1572 1082 1624 propter
1098 1584 1216 1624 quae
1236 1572 1391 1612 orator
1410 1570 1526 1613 bene

263 1635 484 1688 suscipiat
512 1635 604 1676 tale
624 1649 788 1677 causae
817 1649 976 1688 genus,
996 1635 1131 1688 quale
1154 1637 1332 1677 remota
1349 1635 1529 1676 ratione

206 1711 250 1744 40
261 1700 453 1741 honesta
473 1713 566 1741 non
586 1700 840 1753 recepisset.
899 1700 995 1742 Nec
1023 1700 1110 1742 hoc
1130 1699 1233 1742 dico
1257 1698 1387 1753 (quia
1406 1712 1529 1741 seve-

262 1766 404 1807 riores
435 1765 564 1818 sequi
596 1765 746 1818 placet
776 1764 918 1819 leges)
941 1779 1026 1819 pro
1056 1767 1201 1819 patre,
1232 1765 1390 1815 fratre,
1417 1764 1529 1806 ami-

262 1844 314 1871 00
346 1829 732 1884 periclitantibus,
757 1830 944 1872 tametsi
978 1842 1072 1871 non
1104 1829 1350 1871 mediocris
1382 1828 1529 1870 haesi-

262 1894 378 1936 tatio
415 1896 497 1945 est,
526 1894 636 1936 hinc
666 1894 875 1936 iustitiae
906 1893 1144 1948 proposita
1175 1893 1392 1946 imagine,
1421 1892 1529 1934 inde

262 1958 460 2012 pietatis.
529 1958 661 2000 Nihil
700 1959 832 2001 dubii
861 1958 1191 2011 relinquamus.
1260 1957 1331 2000 Sit
1358 1956 1529 2010 aliquis

262 2018 509 2064 insidiatus
542 2025 744 2077 tyranno
782 2025 921 2076 atque
959 2023 1018 2064 ob
1054 2023 1103 2064 id
1140 2036 1269 2066 reus:
1309 2024 1529 2063 utrumne
1571 2044 1576 2053 ⁴

264 2087 447 2129 salvum
467 2101 573 2129 eum
592 2087 719 2130 nolet
748 2087 802 2139 is,
823 2088 905 2140 qui
933 2101 961 2129 a
988 2087 1122 2129 nobis
1142 2087 1318 2137 finitur,
1339 2087 1494 2128 orator
1511 2087 1530 2128 Ρ

264 2165 337 2203 311,
357 2152 396 2193 81
424 2152 651 2193 tuendum
680 2151 946 2205 susceperit,
965 2165 1059 2193 non
1086 2153 1184 2193 tam
1213 2150 1346 2192 falsis
1374 2149 1529 2192 defen-

264 2215 354 2268 det,
373 2230 513 2270 quam
543 2217 623 2269 qui
655 2216 780 2270 apud
812 2216 988 2258 iudices
1013 2216 1185 2258 malam
1211 2228 1399 2258 causam
1430 2216 1529 2258 tue-

190 2287 246 2321 .41
260 2283 377 2324 tur?
443 2281 565 2335 Quid
596 2281 634 2322 si
665 2280 892 2334 quaedam
922 2281 1038 2323 bene
1067 2281 1193 2322 facta
1222 2279 1529 2322 damnaturus

263 2347 331 2388 est
349 2345 502 2397 iudeX,
521 2345 613 2387 nisi
631 2358 685 2386 ea
703 2359 797 2386 non
812 2358 907 2387 esse
927 2345 1053 2387 facta
1067 2344 1420 2396 convicerimus,
1433 2357 1528 2386 non
