1696 2638
272 141 356 183 130
554 138 675 173 INST.
707 137 914 172 ORATOR.
946 137 1028 179 ΧΠ,
1061 137 1113 179 10,
1143 137 1263 172 25-28.

269 251 458 294 vatibus
491 250 891 305 comparandum?
960 249 1084 304 Quid
1125 248 1367 293 Periclea?
1407 249 1532 292 s'imi-

268 315 419 359 lemne
456 315 686 358 credimus
724 315 946 369 Lysiacae
975 314 1243 368 gracilitati,
1273 328 1410 368 quem
1440 314 1532 357 ful-

268 381 474 422 minibus
520 382 565 422 et
611 379 796 422 caelesti
833 380 1011 433 fragori
1049 381 1318 433 comparant
1355 380 1534 432 comici,

213 451 256 486 25
268 445 380 487 dum
410 444 482 486 illi
512 444 871 486 conviciamur?
925 444 1048 498 Quid
1082 446 1150 486 est
1179 443 1342 497 igitur,
1371 458 1454 486 cur
1483 444 1534 486 in

268 509 326 552 iis
346 510 546 560 demum,
565 509 646 562 qui
674 509 804 551 tenui
824 508 996 550 venula
1023 522 1104 562 per
1138 508 1338 551 calculos
1366 509 1534 560 fluunt,

269 573 483 615 Atticum
513 586 723 626 saporem
755 569 957 626 putent?
995 572 1063 614 ibi
1095 572 1282 630 demum
1315 572 1533 626 thymum

268 635 471 678 redolere
494 635 688 677 dicant?
743 635 869 689 Quos
899 648 984 688 ego
1015 635 1242 687 existimo,
1263 635 1302 677 si
1332 635 1455 688 quod
1483 635 1534 676 in

268 700 342 742 his
358 700 529 741 finibus
544 699 734 742 uberius
749 699 1014 741 invenerint
1030 699 1180 741 solum
1200 699 1533 741 fertilioremve

269 767 483 818 segetem,
497 766 747 818 negaturos
767 765 977 806 Atticam
992 777 1102 815 esse,
1117 763 1240 817 quod
1258 763 1378 818 plus,
1393 778 1533 817 quam

268 830 508 883 acceperit,
538 829 726 871 seminis
753 828 939 881 reddat3
968 828 1078 881 quia
1105 827 1226 869 hanc
1257 827 1355 869 eius
1385 829 1534 870 terrae

212 902 257 937 26
269 894 406 936 fidem
426 893 678 935 Menander
704 893 861 936 eludit.
920 893 994 934 Ita
1021 906 1160 944 nunc,
1180 892 1219 934 si
1247 892 1352 945 quis
1371 891 1430 933 ad
1458 905 1534 934 eas

269 958 594 1001 Demosthenis
626 959 839 1010 virtutes,
872 971 987 1011 quas
1023 957 1103 999 ille
1137 970 1346 999 summus
1380 958 1535 998 orator

268 1023 448 1075 habuit,
467 1025 623 1065 tamen
643 1036 759 1076 quae
779 1022 981 1064 defuisse
1004 1022 1047 1064 ei
1076 1022 1175 1064 sive
1195 1021 1342 1075 ipsius
1362 1024 1533 1064 natura

269 1102 350 1131 seu
377 1088 478 1142 lege
507 1087 712 1130 civitatis
732 1087 966 1138 videntur,
990 1086 1221 1138 adiecerit,
1240 1087 1294 1128 ut
1323 1086 1534 1128 adfectus

269 1152 546 1195 concitatius
574 1153 773 1203 moveat,
799 1151 987 1193 audiam
1016 1151 1258 1202 dicentem,
1277 1152 1395 1192 ‘non
1423 1151 1535 1193 fecit

269 1217 356 1259 hoc
390 1217 720 1259 Demosthenes
739 1217 780 1258 ?'
818 1218 863 1258 et
900 1216 939 1257 si
977 1215 1089 1269 quid
1126 1215 1333 1257 numeris
1371 1215 1535 1257 exierit

269 1282 428 1335 aptius
468 1281 681 1334 (fortasse
710 1294 803 1322 non
840 1280 998 1334 possit,
1036 1280 1114 1322 sed
1151 1282 1307 1322 tamen
1345 1280 1384 1322 si
1422 1279 1535 1333 quid

269 1345 451 1399 exierit)
473 1359 567 1387 non
595 1345 683 1387 erit
703 1344 917 1386 Atticum
936 1346 954 1387 ἓ
1009 1344 1178 1386 Melius
1198 1344 1253 1386 de
1281 1344 1369 1386 hoc
1388 1344 1535 1386 nomi-

269 1425 328 1453 ne
347 1410 548 1452 sentiant
577 1409 870 1462 credantque,
890 1408 1047 1451 Attice
1067 1408 1216 1450 dicere
1236 1422 1333 1450 esse
1361 1409 1535 1462 optime
1590 1466 1596 1471 ,
1660 1456 1662 1458 ,

270 1475 431 1518 dicere.

350 1540 507 1593 Atque
543 1539 594 1580 in
629 1538 717 1581 hac
754 1540 910 1580 tamen
947 1538 1162 1592 opinione
1199 1537 1536 1591 perseverantis

271 1603 472 1648 Graecos
504 1603 654 1657 magis
683 1602 885 1645 tulerim.
944 1602 1114 1644 Latina
1145 1602 1263 1643 mihi
1302 1602 1536 1654 facundia,

269 1671 325 1711 ut
352 1669 632 1720 inventione,
652 1668 964 1722 dispositione,
984 1666 1190 1718 consilio,
1205 1666 1368 1708 ceteris
1395 1666 1537 1708 huius

271 1733 452 1787 generis
484 1733 664 1775 artibus
695 1732 862 1774 similis
897 1732 1100 1775 Graecae
1138 1745 1190 1772 ac
1223 1734 1415 1785 pror'sus
1447 1730 1537 1772 dis-

272 1798 428 1852 cipula
460 1798 557 1840 eius
577 1797 777 1849 videtur,
795 1797 864 1839 ita
883 1796 1006 1838 circa
1035 1796 1264 1838 rationem
1294 1795 1537 1849 eloquendi

271 1863 354 1905 vix
372 1863 541 1904 habere
559 1861 835 1903 imitationis
862 1861 1029 1903 locum.
1087 1861 1299 1913 Namque
1328 1861 1396 1902 est
1424 1859 1538 1913 ipsis

273 1928 433 1970 statim
452 1927 576 1969 sonis
606 1926 779 1978 durior,
799 1925 984 1979 quando
1015 1926 1060 1967 et
1090 1924 1451 1966 iucundissimas
1482 1938 1538 1966 ex

274 1992 463 2035 Graecis
495 1991 675 2033 litteras
707 2004 801 2032 non
830 1990 1069 2041 habemus,
1092 1988 1301 2031 vocalem
1331 1989 1538 2040 alteram,

273 2056 467 2098 alteram
513 2057 855 2106 consonantem,
892 2053 1063 2107 quibus
1100 2053 1257 2095 nullae
1294 2053 1419 2107 apud
1462 2066 1538 2095 eos

273 2121 456 2162 dulcius
484 2120 686 2174 spirant3
715 2132 830 2173 quas
857 2118 1066 2160 mutuari
1094 2117 1307 2169 solemus,
1326 2117 1539 2171 quotiens

217 2185 462 2231 28illorum
484 2184 752 2226 nominibus
781 2183 986 2236 utimur3
1016 2182 1139 2235 quod
1169 2196 1275 2224 cum
1296 2181 1539 2235 contingit,

272 2250 426 2292 nescio
455 2248 684 2303 quomodo
711 2248 907 2306 hilarior
934 2247 1148 2301 protinus
1167 2246 1347 2288 renidet
1375 2245 1540 2297 oratio,

271 2315 327 2356 ut
362 2314 413 2355 in
440 2315 453 2342 ἕ
468 2313 698 2367 Ephyris'
734 2314 780 2354 et
806 2312 820 2332 ‘
831 2311 1105 2366 Zephyris’3
1133 2325 1251 2364 quae
1288 2310 1328 2353 si
1365 2309 1540 2353 nostris
