1696 2638
477 174 609 211 ·1Ns'r.
641 175 850 211 ORATOR.
881 174 965 218 XII,
995 176 1028 218 8,
1060 175 1176 210 12-15.
1355 175 1442 221 119

250 287 309 334 In
338 304 522 333 summa
553 289 757 344 optimus
788 290 856 331 est
886 289 938 331 111
968 288 1185 331 discendo
1217 290 1444 344 patronus

169 354 464 408 incredulus;
497 354 732 409 promittit
763 353 888 396 enim
915 353 1127 407 litigator
1157 353 1328 405 omnia,
1354 354 1444 396 tes-

169 423 265 463 tem
283 419 524 474 populum,
538 419 858 473 paratissimas
879 417 1268 472 consignationes,
1287 417 1443 472 ipsum

170 485 368 538 denique
400 483 723 526 adversarium
754 482 983 537 quaedam
1013 495 1108 524 non
1146 484 1441 536 negaturum.

171 549 372 603 Ideoque
401 562 517 603 opus
546 550 614 590 est
648 547 826 590 intueri
864 561 999 589 omne
1036 546 1135 589 litis
1163 546 1444 589 instrumen-
1458 558 1500 593 12

169 616 296 665 tum;
343 613 468 667 quod
505 612 663 655 videre
700 626 794 654 non
832 614 901 654 est
939 611 1066 664 satis,
1111 611 1444 666 perlegendum

170 679 279 722 erit.>
338 678 460 720 Nam
480 677 855 731 frequentissime
885 679 969 719 aut
998 690 1092 718 11011
1112 678 1222 718 sunt
1241 676 1445 728 omnino,

169 757 288 797 quae
324 743 734 798 promittebantur,
768 743 851 783 aut
889 741 1046 783 minus
1085 740 1326 783 continent
1362 742 1445 783 aut

170 823 278 851 cum
323 808 417 850 alio
458 808 616 861 aliquo
662 806 877 849 nocituro
924 806 1157 860 permixta
1204 808 1314 848 sunt
1360 808 1445 848 aut

169 873 317 915 nimia
354 874 464 914 sunt
501 874 548 914 et
585 871 724 914 fidem
761 871 849 913 hoc
882 871 984 925 ipso
1013 870 1293 922 detractura,
1320 869 1445 924 quod

170 951 264 979 11011
282 937 458 979 habent
476 936 679 979 modum.
738 935 949 989 Denique
977 935 1128 977 linum
1147 936 1343 989 ruptum
1362 936 1446 976 aut
1459 943 1501 978 13

170 1003 409 1045 turbatam
429 1015 582 1044 ceram
601 1002 684 1044 aut
713 1001 811 1043 sine
839 1000 1050 1054 agnitore
1071 1000 1206 1054 signa
1231 1000 1445 1054 frequen-

169 1070 241 1111 ter
270 1067 504 1120 invenies3
532 1080 664 1121 quae,
690 1065 793 1108 nisi⁴
812 1065 940 1107 domi
971 1065 1242 1117 excusseris,
1260 1065 1311 1107 in
1341 1065 1445 1107 foro

170 1132 411 1187 inopinata
439 1131 684 1186 decipient,
710 1130 909 1185 plusque
947 1130 1182 1172 nocebunt
1221 1129 1446 1172 destituta

170 1212 312 1252 quam
348 1211 442 1239 non
479 1196 708 1251 promissa
745 1195 1023 1238 nocuissent.
1099 1194 1252 1236 Multa
1289 1194 1446 1246 etiam,

170 1276 289 1316 quae
307 1262 520 1316 litigator
539 1261 660 1303 nihil
679 1260 739 1302 ad
767 1274 956 1302 causam
983 1259 1215 1314 pertinere
1244 1259 1446 1302 credide-

170 1327 247 1379 rit,
266 1329 490 1382 patronus
510 1327 654 1377 eruet,
673 1324 810 1367 modo
828 1339 911 1379 per
926 1324 1090 1376 omnis,
1109 1338 1226 1378 quos
1253 1323 1446 1366 tradidi·

170 1406 290 1444 mus,
309 1393 694 1446 argumentorum
722 1390 847 1433 locos
868 1392 953 1433 eat.
1012 1389 1139 1444 Quos
1167 1391 1222 1431 ut
1250 1389 1445 1431 circum·
1459 1395 1503 1430 14

172 1459 378 1512 spectare
405 1457 456 1498 in
485 1455 665 1510 agendo
694 1457 740 1498 et
770 1457 1001 1497 attentare
1021 1454 1231 1508 singulos
1250 1453 1445 1496 minime

171 1522 403 1573 convenit,
421 1523 612 1576 propter
634 1534 750 1574 quas
779 1520 984 1562 diximus
1004 1533 1180 1571 causas,
1199 1519 1268 1561 ita
1286 1519 1336 1560 in
1356 1518 1446 1561 dis-

172 1587 316 1630 cendo
361 1587 524 1629 rimari
570 1585 884 1629 necessarium
922 1586 1005 1636 est,
1043 1598 1161 1638 quae
1207 1597 1445 1638 personae,

171 1666 289 1706 quae
334 1653 545 1706 tempora
591 1653 637 1693 et
682 1650 798 1702 loca,
840 1650 1073 1701 instituta,
1118 1649 1446 1700 instrumenta,

172 1719 337 1768 cetera,
374 1730 430 1759 ex
467 1715 638 1770 quibus
676 1729 771 1758 non
808 1716 996 1757 tantum
1032 1712 1167 1766 illud,
1204 1713 1330 1767 quod
1376 1714 1446 1755 est

171 1780 415 1824 artificiale
460 1780 750 1835 probationis
788 1793 948 1833 genus,
979 1778 1138 1832 colligi
1154 1774 1328 1833 possit,
1366 1776 1446 1819 sed

172 1846 255 1900 qui
299 1845 539 1888 metuendi
585 1847 740 1897 testes,
777 1843 1009 1898 quomodo
1047 1844 1141 1885 sint
1187 1841 1444 1885 refellendi.

173 1911 297 1953 Nam
325 1911 584 1965 plurimum
614 1910 772 1961 refert,
798 1909 981 1951 invidia
1012 1922 1119 1950 reus
1152 1921 1213 1949 an
1245 1907 1352 1949 odio
1385 1920 1447 1948 an

173 1978 442 2030 contemptu
460 1975 654 2026 laboret,
673 1988 873 2028 quorum
893 1974 990 2016 fere
1016 1986 1124 2027 pars
1143 1972 1296 2026 prima
1315 1984 1446 2025 supe-

173 2041 332 2092 riores,
360 2040 575 2095 proxima
604 2053 752 2094 pares,
782 2038 923 2081 tertia
953 2037 1229 2080 humiliores
1261 2035 1444 2091 premit.

175 2105 250 2149 Sic
278 2119 466 2147 causam
503 2106 836 2159 perscrutatus,
873 2102 1124 2158 propositis
1153 2103 1261 2144 ante
1289 2100 1446 2143 oculos
1460 2113 1501 2147 15

175 2169 404 2221 omnibus,
434 2182 552 2222 quae
589 2167 770 2222 prosint
801 2168 1068 2218 noceantve,
1100 2165 1289 2208 tertiam
1320 2163 1446 2206 dein-

175 2247 281 2288 ceps
308 2247 553 2288 personam
572 2232 740 2274 induat
772 2231 954 2283 iudicis,
974 2231 1212 2284 fingatque
1242 2228 1368 2283 apud
1399 2241 1447 2270 se

175 2299 253 2352 agi
273 2312 475 2350 causam,
494 2299 554 2349 et,
573 2297 698 2351 quod
717 2296 873 2350 ipsum
892 2295 1115 2338 movisset
1134 2295 1190 2337 de
1210 2294 1371 2337 eadem
1395 2306 1447 2335 re

175 2363 605 2418 pronuntiaturum,
634 2361 683 2403 id
712 2360 1103 2416 potentissimum,
1133 2358 1258 2414 apud
1290 2371 1447 2412 quem-
