1696 2638
268 193 327 236 44
580 191 702 227 msr.
733 193 941 228 ORATOR.
972 192 1015 235 x,
1049 195 1078 235 1,
1106 193 1225 229 81-85.

268 304 369 347 lum
397 305 765 357 Demetrium,
794 320 1076 359 quamquam
1113 306 1153 348 is
1190 306 1370 360 primus
1399 306 1527 350 incli-

269 383 401 411 nasse
421 370 730 423 eloquentiam
750 370 935 421 dicitur,
955 370 1157 412 multum
1181 371 1359 424 ingenii
1386 371 1529 414 habu-

269 434 357 476 isse
395 436 439 475 et
477 434 721 476 facundiae
759 435 922 486 fateor,
959 435 1034 477 vel
1081 435 1140 476 ob
1186 435 1272 477 hoc
1309 437 1532 478 memoria

270 498 478 551 dignum,
515 498 637 551 quod
674 498 870 540 ultimus
901 501 975 540 est
1008 499 1104 540 fere
1142 513 1198 540 ex
1235 499 1422 552 Atticis,
1451 501 1531 554 qui

270 562 361 604 dici
398 562 542 616 possit
580 565 758 615 orator;
805 577 942 616 quem
979 565 1136 604 tamen
1174 563 1224 604 in
1261 563 1344 606 illo
1380 565 1531 606 medio

270 640 434 680 genere
454 626 635 668 dicendi
656 627 860 680 praefert
881 627 1098 669 omnibus
1118 627 1290 670 Cicero.

213 694 255 729 81
351 691 851 745 Philosophorum,
889 705 945 733 ex
982 692 1152 745 quibus
1189 691 1446 745 plurimum
1484 706 1531 734 se

270 756 464 798 traxisse
479 756 765 809 eloquentiae
782 757 841 799 M.
859 756 1041 798 Tullius
1061 757 1318 808 confitetur,
1333 757 1437 810 quis
1452 757 1533 798 du-

270 820 387 862 bitet
418 820 716 862 Platonem
747 834 841 862 esse
871 821 1172 874 praecipuum
1198 821 1296 863 sive
1321 821 1533 863 acumine

269 884 520 926 disserendi
560 885 657 927 sive
691 878 934 938 eloquendi
972 885 1195 927 facultate
1228 885 1391 927 divina
1422 899 1532 940 qua-

269 949 374 1003 dam
388 951 441 1002 et
463 950 755 999 -Hszmeriea„„?
810 949 1014 991 Multum
1035 950 1158 991 enim
1182 963 1533 1009 supra-prosam

269 1014 524 1060 orationem
571 1016 616 1055 et
662 1028 802 1067 quam
848 1014 1105 1070 pedestrem
1152 1014 1318 1057 Graeci
1366 1017 1533 1056 vocant

269 1078 434 1140 surgit,
453 1080 507 1120 ut
526 1078 659 1137 111111Ξ
662 1093 771 1137 411611
784 1079 987 1120 hominis
1015 1079 1217 1139 ingenio,
1237 1079 1314 1120 sed
1334 1078 1533 1132 quodam

210 1152 256 1187 82
269 1135 494 1206 Delphico
507 1143 736 1189 videatur
763 1133 991 1184 (ffaculo
977 1138 1240 1194 instinctus.
1283 1143 1420 1197 Quid
1449 1157 1533 1196 ego

270 1219 622 1248 commemorem
660 1203 1066 1260 Xenophontis
1104 1207 1235 1248 illam
1271 1194 1533 1249 iucundita-

269 1273 364 1313 tem
393 1272 738 1323 inadfectatam,
769 1272 847 1314 sed
878 1286 1018 1325 quam
1048 1272 1180 1313 nulla
1211 1272 1427 1325 consequi
1457 1272 1531 1313 ad-

270 1336 459 1378 fectatio
487 1336 668 1389 possit?
696 1339 750 1378 ut
778 1337 904 1390 ipsae
924 1350 1182 1378 sermonem
1210 1336 1398 1378 finxisse
1418 1336 1530 1379 Gra-

268 1401 361 1442 tiae
381 1400 628 1442 videantur
654 1402 712 1452 et,
731 1401 854 1454 quod
882 1401 937 1442 de
967 1401 1143 1443 Pericle
1162 1401 1332 1443 veteris
1360 1414 1531 1443 comoe-

269 1464 372 1506 diae
387 1465 705 1506 testimonium
720 1467 802 1516 est,
816 1465 866 1506 in
881 1465 1005 1507 hunc
1020 1465 1264 1507 transferri
1279 1465 1532 1507 iustissime

268 1529 426 1583 possit,
445 1529 496 1570 in
523 1528 667 1571 labris
687 1529 785 1571 eius
806 1529 974 1571 sedisse
993 1529 1228 1582 quandam
1256 1529 1532 1583 persuaden-

212 1593 317 1638 83di
363 1593 507 1636 deam.
592 1593 716 1647 Quid
761 1593 1048 1646 reliquorum
1102 1594 1532 1636 Socraticorum

269 1657 584 1711 elegantiam?
639 1658 763 1711 Quid
790 1658 1208 1700 Aristotelem?
1236 1651 1373 1710 quem
1401 1657 1533 1699 dubi-

268 1723 318 1763 to
351 1722 543 1764 scientia
569 1736 727 1764 rerum
764 1736 825 1764 an
863 1722 1141 1776 scriptorum
1179 1722 1311 1775 copia
1347 1735 1408 1763 an
1444 1721 1533 1764 elo—

269 1787 439 1840 quendi
459 1787 508 1829 vi
537 1800 590 1829 ac
619 1787 850 1829 suavitate
879 1801 939 1828 an
967 1786 1293 1828 inventionum
1321 1786 1533 1828 acumine

269 1864 329 1892 an
357 1851 582 1894 varietate
611 1865 803 1905 operum
831 1851 1074 1893 clariorem
1103 1852 1275 1904 putem.
1332 1849 1454 1892 Nam
1482 1850 1532 1891 in

269 1915 585 1969 Theophrasto
613 1918 711 1958 tam
731 1918 799 1957 est
828 1915 1047 1969 loquendi
1075 1915 1200 1956 nitor
1227 1913 1307 1956 ille
1329 1913 1532 1962 divinus,

211 1981 322 2023 64ut
350 1993 406 2021 ex
425 1993 477 2021 eo
496 1994 664 2021 nomen
692 1993 873 2033 quoque
901 1979 1096 2022 traxisse
1124 1979 1318 2022 dicatur.
1375 1978 1532 2020 Minus

269 2043 501 2085 indulsere
538 2044 825 2097 eloquentiae
864 2044 1048 2087 Stoici
1082 2045 1273 2095 veteres,
1309 2042 1389 2085 sed
1425 2056 1531 2085 cum

268 2107 461 2150 honesta
489 2110 747 2160 suaserunt,
765 2110 869 2150 tum
896 2108 947 2150 in
975 2108 1249 2161 conligendo
1277 2106 1532 2162 probando-

269 2186 370 2226 que,
385 2186 501 2225 quae
516 2170 829 2224 instituerant,
843 2170 1101 2227 plurimum
1117 2172 1380 2222 valuerunt,
1393 2171 1532 2214 rebus

269 2238 425 2278 tamen
444 2237 569 2278 acuti
589 2237 739 2289 magis
758 2250 912 2290 quam,
931 2236 980 2278 id
999 2236 1122 2290 quod
1142 2250 1249 2278 sane
1268 2249 1363 2277 non
1381 2233 1531 2278 adfec-

269 2302 502 2353 taverunt,
521 2301 729 2342 oratione
748 2301 998 2354 magnifici.

154 2412 156 2414 ,
212 2376 257 2412 85
350 2365 479 2408 Idem
506 2366 640 2407 nobis
676 2379 758 2420 per
793 2352 1076 2407 Romanos
1113 2378 1294 2418 quoque
1321 2366 1531 2406 auctores
