1696 2638
240 186 300 234 ἰο
334 180 337 182 ’
574 185 696 222 msr.
728 185 935 222 ORATOR.
966 186 1009 228 x,
1041 187 1073 229 5,
1104 186 1179 223 1-4.

739 416 921 457 CAPUT
951 415 1004 456 V.

533 530 668 570 QUAE
697 531 972 563 SCRIBENDA
999 529 1214 576 ΜΑΧΙΜΕ,

321 626 381 671 V.
410 626 684 669 Proximum
722 627 805 677 est,
836 627 891 667 ut
924 625 1145 677 dicamUS,
1175 640 1317 679 quae
1353 639 1507 681 prae-

242 691 409 746 cipue
447 690 755 733 scribenda
792 690 923 733 sint.
990 690 1096 733 Non
1134 682 1202 732 est
1234 690 1375 732 huius
1407 690 1507 744 qui-

243 756 347 798 dem
378 756 541 810 operis,
571 757 625 797 ut
658 754 954 809 explicemus,
984 768 1102 808 quae
1135 754 1229 797 sint
1261 755 1506 808 materiae;

242 834 360 874 quae
389 820 542 874 prima
561 822 643 862 aut
674 820 876 862 secunda
906 821 987 861 aut
1019 819 1232 873 deinceps
1261 819 1507 861 tractanda

243 885 360 937 sint3
389 899 499 926 nam
518 885 566 926 id
597 885 777 926 factum
808 886 877 926 est
908 883 1048 926 etiam
1078 883 1231 938 primo
1260 883 1395 936 libro,
1415 898 1507 937 quo

242 963 507 1004 puerorum,
545 951 590 991 et
628 948 841 1000 secundo,
874 962 966 1002 quo
1003 948 1302 990 robustorum
1340 948 1508 991 studiis

243 1015 453 1057 ordinem
473 1014 708 1067 dedimus3
743 1013 835 1065 sed,
855 1013 911 1056 de
939 1027 1031 1067 quo
1050 1026 1174 1055 nunc
1194 1012 1366 1066 agitur,
1383 1013 1508 1056 unde

243 1079 376 1133 copia
395 1092 447 1120 ac
467 1078 670 1120 facilitas
689 1078 892 1120 maxime
912 1077 1088 1120 veniat:

208 1153 231 1188 2
324 1144 568 1185 Vertere
620 1143 842 1186 Graeca
891 1142 951 1184 in
1004 1141 1277 1184 Latinum
1328 1143 1506 1185 veteres

243 1208 391 1250 nostri
429 1209 633 1249 oratores
671 1207 901 1261 optimum
938 1206 1220 1248 iudicabant.
1278 1205 1333 1247 Id
1370 1219 1417 1248 se
1455 1206 1506 1249 L.

245 1273 438 1316 Crassus
457 1272 507 1314 in
526 1271 621 1314 illis
653 1271 888 1315 Ciceronis
919 1270 974 1313 de
1007 1270 1200 1313 Oratore
1230 1269 1364 1312 libris
1394 1269 1508 1312 dicit

244 1337 506 1390 factitasse3
546 1336 595 1378 id
626 1336 786 1379 Cicero
818 1350 902 1378 sua
938 1335 1035 1390 ipse
1068 1349 1264 1389 persona
1296 1335 1508 1388 frequen·
1564 1357 1566 1360 ·

243 1402 421 1444 tissime
450 1401 690 1455 praecipit,
709 1401 824 1454 quin
857 1400 998 1442 etiam
1026 1399 1170 1441 libros
1201 1399 1411 1441 Platonis
1441 1401 1508 1441 at-

244 1479 333 1519 que
352 1465 676 1519 Xenophontis
697 1465 842 1507 edidit
861 1465 948 1507 hoc
969 1478 1135 1518 genere
1154 1464 1429 1515 translatos3
1458 1462 1508 1505 id

244 1530 468 1573 Messalae
498 1530 689 1584 placuit,
709 1529 975 1583 multaeque
996 1530 1105 1571 sunt
1136 1528 1195 1570 ab
1226 1542 1278 1570 eo
1310 1528 1508 1582 scriptae

244 1595 303 1637 ad
322 1595 446 1637 hunc
465 1595 656 1637 modum
673 1594 916 1645 orationes,
932 1593 1045 1635 adeo
1064 1595 1119 1635 ut
1139 1593 1280 1635 etiam
1300 1606 1406 1635 cum
1425 1592 1509 1634 illa

245 1659 499 1714 Hyperidis
529 1673 613 1714 pro
634 1659 822 1713 Phryne
843 1658 1118 1700 difficillima
1149 1658 1372 1700 Romanis
1403 1657 1508 1700 sub-

209 1724 416 1766 3tilitate
447 1723 753 1766 contenderet.
822 1723 884 1764 Et
915 1722 1165 1764 manifesta
1191 1724 1259 1764 est
1290 1722 1508 1764 exercita-

243 1789 386 1830 tionis
404 1788 596 1830 huiusce
615 1788 747 1831 ratio.
806 1787 928 1829 Nam
948 1789 992 1829 et
1012 1800 1168 1829 rerum
1189 1786 1320 1840 copia
1340 1786 1508 1830 Graeci

244 1855 453 1895 auctores
474 1852 714 1894 abundant
743 1853 788 1894 et
816 1851 1073 1906 plurimum
1093 1850 1208 1892 artis
1227 1850 1277 1892 in
1297 1850 1508 1904 eloquen-

243 1918 361 1959 tiam
386 1917 661 1968 intulerunt,
681 1918 726 1958 et
749 1916 834 1958 hos
853 1915 1243 1958 transferentibus
1262 1915 1417 1957 verbis
1436 1915 1508 1957 uti

245 1977 433 2036 optimis
481 1981 613 2034 licet3
660 1981 876 2023 omnibus
925 1980 1049 2022 enim
1096 1980 1276 2021 utimur
1322 1979 1506 2023 nostris.

244 2046 444 2100 Figuras
487 2059 611 2097 vero,
649 2045 819 2099 quibus
862 2045 1064 2086 maxime
1108 2046 1301 2086 ornatur
1345 2044 1508 2096 oratio,

244 2111 417 2152 multas
455 2124 507 2152 ac
544 2110 699 2152 varias
742 2109 1036 2162 excogitandi
1081 2109 1221 2151 etiam
1259 2109 1507 2151 necessitas

244 2175 471 2228 quaedam
492 2176 574 2226 est,
593 2175 704 2227 quia
733 2174 1007 2228 plerumque
1027 2187 1055 2214 a
1075 2173 1264 2216 Graecis
1296 2172 1508 2215 Romana

245 2239 535 2281 dissentiunt.

209 2308 233 2343 4
325 2303 412 2347 Sed
433 2305 478 2346 et
497 2303 580 2344 illa
610 2317 674 2345 ex
706 2303 938 2345 Latinis
968 2301 1273 2344 conversio
1303 2300 1507 2343 multum

244 2368 291 2410 et
327 2367 428 2423 ipsa
465 2366 725 2410 contulerit.
796 2367 867 2410 Ac
905 2366 960 2409 de
997 2365 1282 2408 carminibus
1319 2365 1507 2419 quidem
