1696 2638
441 154 564 190 INST.
594 155 793 191 ORATOR
834 155 918 198 XII,
948 157 980 199 6,
1011 158 1054 199 73
1085 158 1116 197 7.
1148 158 1180 192 1.
1358 160 1442 202 113

171 268 361 324 ingenio
391 269 544 312 adhuc
573 269 739 312 alendo
767 270 943 312 callum
972 270 1206 323 inducere,
1235 271 1315 314 sed
1347 271 1444 314 iam

171 334 406 386 scientem,
425 334 539 388 quid
559 334 620 377 sit
638 349 812 389 pugna,
831 337 877 377 et
896 335 948 377 in
966 349 1109 390 quam
1128 349 1227 378 rem
1257 336 1444 379 studen-

171 398 285 440 dum
317 398 392 450 sit,
422 399 548 442 refici
582 402 721 453 atque
754 400 982 443 renovari.
1041 400 1115 444 Sic
1153 402 1200 443 et
1236 401 1443 444 tirocinii
1456 407 1478 441 7

170 465 363 515 metum,
391 463 504 505 dum
538 464 725 506 facilius
758 466 827 506 est
860 465 1046 517 audere,
1075 465 1332 518 transierit,
1359 480 1443 509 nec

170 528 373 570 audendi
396 528 675 571 facilitatem
694 543 841 583 usque
861 530 921 572 ad
951 533 1271 586 contemptum
1291 532 1443 586 operis

170 592 429 636 adduxerit.
487 594 613 637 Usus
643 596 712 637 est
744 595 832 637 hac
862 595 1043 638 ratione
1074 596 1135 639 M.
1168 596 1367 648 Tullius,
1396 599 1443 639 et

169 671 278 699 cum
309 657 404 699 iam
437 658 617 700 clarum
649 659 899 715 ,meruisset
932 660 1056 702 inter
1092 662 1327 715 patronos,
1360 662 1442 715 qui

169 724 273 764 tum
303 725 449 774 erant,
468 737 650 775 nomen,
668 724 720 766 in
751 724 917 766 Asiam
948 725 1196 778 navigavit
1227 740 1366 780 seque
1396 729 1442 769 et

169 785 280 839 aliis,
305 786 404 829 sine
434 786 578 829 dubio
597 787 888 841 eloquentiae
907 802 961 830 ac
990 789 1246 843 sapientiae
1272 790 1443 843 magis-

168 850 269 902 tris,
289 851 368 893 sed
386 852 632 906 praecipue
651 854 809 895 tamen
823 848 1077 907 Apollonio
1097 854 1289 906 Moloni,
1303 868 1443 908 quem

168 915 343 958 Romae
375 920 559 970 quoque
587 917 813 969 audierat,
843 917 999 960 Rhodi
1035 932 1199 960 rursus
1238 919 1442 962 forman-

167 980 282 1023 dum
301 994 355 1023 ac
374 980 505 1023 velut
533 982 875 1035 recoquendum
905 982 1046 1026 dedit.
1103 983 1224 1025 Tum
1243 984 1442 1037 dignum

167 1060 333 1101 operae
369 1047 575 1101 pretium
611 1047 756 1099 venit,
793 1061 902 1089 cum
933 1048 1057 1090 inter
1089 1061 1137 1091 se
1174 1051 1442 1102 congruunt

166 1113 413 1167 praecepta
431 1113 478 1155 et
497 1111 825 1167 experimenta.

641 1390 826 1430 CAPUT
857 1391 954 1431 VII.

183 1503 321 1544 QUAE
349 1503 404 1536 IN
431 1504 770 1537 SUSOIPIENDIS
799 1505 972 1537 CAUSIS
1001 1505 1219 1537 ORATORI
1248 1505 1421 1542 OBSER-

638 1570 812 1600 VANDA
840 1570 959 1602 SINT.

245 1688 354 1732 VII.
385 1688 506 1732 Cum
525 1688 639 1731 satis
658 1688 709 1730 in
728 1702 863 1731 omne
878 1690 1112 1731 certamen
1126 1689 1303 1731 virium
1322 1690 1439 1732 fece-

164 1753 242 1805 rit,
278 1754 432 1808 prima
469 1754 512 1796 ei
558 1767 671 1795 cura
712 1753 763 1795 in
811 1754 1208 1808 suscipiendis
1245 1755 1438 1797 causis

165 1819 278 1869 erit3
305 1819 357 1860 in
389 1819 559 1872 quibus
585 1818 831 1861 defendere
861 1819 1051 1872 quidem
1083 1832 1185 1861 reos
1215 1819 1438 1873 profecto,

164 1897 307 1937 quam
326 1883 492 1934 facere,
511 1883 587 1925 vir
609 1883 759 1925 bonus
778 1883 935 1935 malet,
954 1897 1049 1926 non
1076 1886 1235 1926 tamen
1262 1884 1331 1926 ita
1359 1898 1437 1926 no-

164 1962 271 1990 men
298 1948 455 2003 ipsum
483 1949 765 1990 accusatoris
796 1948 1021 2000 horrebit,
1039 1951 1094 1991 ut
1123 1949 1254 1991 nullo
1287 1963 1437 2003 neque

165 2013 353 2067 publico
371 2026 520 2067 neque
550 2013 738 2067 privato
768 2013 876 2055 duci
907 2014 1054 2067 possit
1085 2014 1247 2065 officio,
1266 2016 1321 2056 ut
1354 2014 1437 2056 ali-

164 2090 303 2130 quem
322 2077 382 2119 ad
409 2076 691 2119 reddendam
714 2077 944 2119 rationem
962 2078 1090 2120 vitae
1110 2080 1255 2121 vocet.
1313 2079 1436 2121 Nam

165 2143 211 2183 et
239 2141 364 2195 leges
393 2141 521 2196 ipsae
554 2141 676 2183 nihil
706 2141 908 2193 valeant,
940 2142 1033 2184 nisi
1066 2143 1237 2185 actoris
1270 2143 1437 2186 idonea

165 2219 276 2248 voce
295 2206 518 2258 munitae,
538 2209 584 2248 et
610 2206 649 2248 si
677 2220 849 2260 poenas
869 2207 1094 2249 scelerum
1122 2210 1334 2262 expetere
1363 2209 1436 2251 fas

165 2282 259 2312 non
277 2273 359 2322 est,
378 2285 520 2325 prope
551 2273 634 2322 est,
653 2273 707 2312 ut
739 2271 911 2313 scelera
940 2271 1042 2325 ipsa
1072 2273 1298 2326 permissa
1327 2273 1436 2326 sint,

164 2337 210 2377 et
241 2334 482 2378 licentiam
511 2335 648 2377 malis
679 2335 795 2387 dari,
816 2338 939 2378 certe
970 2339 1133 2378 contra
1169 2337 1315 2380 bonos
1352 2340 1433 2380 est.
