1696 2638
383 173 506 209 INST.
538 171 747 207 ORATOR.
780 169 864 212 XII,
895 169 928 211 4,
959 169 1003 209 2;
1045 169 1076 210 5,
1106 168 1135 209 1,
1167 167 1200 201 2.
1341 166 1425 209 109

154 303 318 333 verum
356 301 414 330 ne
451 300 505 329 ea
541 284 743 339 quidem,
781 296 899 336 quae
938 282 1048 324 sunt
1085 294 1114 321 a
1151 278 1427 321 clarioribus

154 354 301 409 poetis
331 352 453 401 ficta,
472 349 750 404 neglegere.-
786 347 908 390 Nam
937 345 1022 387 illa
1051 344 1240 398 quidem
1270 343 1461 397 priora2

152 421 235 461 aut
265 415 642 460 testimoniorum
671 415 755 455 aut
792 412 935 454 etiam
965 410 1281 452 iudicatorum
1311 407 1427 449 obti-

153 485 265 526 nent
293 482 472 534 locum3
502 479 580 522 sed
607 479 722 521 haec
752 490 935 531 quoque
966 476 1048 517 aut
1068 472 1318 516 vetustatis
1338 471 1427 513 fide

156 550 258 590 tuta
278 548 388 589 sunt
407 546 490 587 aut
509 544 568 586 ab
586 543 858 585 hominibus
872 540 1057 594 magnis
1076 539 1428 593 praeceptorum

154 614 255 655 loco
278 612 386 654 ficta
416 609 682 657 creduntur.
740 607 865 650 Sciat
895 619 1006 659 ergo
1036 617 1178 658 quam
1210 601 1428 657 plurima,

153 677 276 720 unde
314 676 455 718 etiam
493 673 681 717 senibus
714 671 970 714 auctoritas
1007 669 1157 711 maior
1194 669 1276 718 est,
1304 666 1427 720 quod

153 742 291 797 plura
309 754 442 782 nosse
468 741 514 782 et
542 738 715 780 vidisse
745 736 1013 793 creduntur,
1041 732 1166 787 quod
1195 732 1428 774 Homerus

155 805 529 860 frequentissime
548 804 761 845 testatur.
818 800 907 844 Sed
935 813 1029 841 non
1048 800 1117 840 est
1145 795 1430 851 expectanda

153 871 325 913 ultima
343 871 484 920 aetas,
504 862 611 911 cum
641 866 797 909 studia
824 865 1074 920 praestent,
1102 864 1171 914 ut,
1199 862 1428 915 quantum

155 935 215 977 ad
234 934 547 987 cognitionem
575 931 777 986 pertinet
805 942 976 980 rerum,
995 928 1138 971 etiam
1165 925 1430 981 praeteritis

157 998 354 1043 saeculis
373 997 548 1041 vixisse
567 995 823 1039 videamur,

696 1155 890 1164 ——s

658 1294 842 1334 CAPUT
872 1292 926 1333 V.

252 1410 390 1451 QUAE:
419 1409 527 1442 SINT
554 1408 677 1441 ALIA
704 1406 946 1439 ORATORIS
973 1404 1338 1439 INSTRUMENTA.

241 1518 300 1561 V.
330 1518 459 1560 Haec
490 1518 613 1568 sunt,
633 1529 751 1570 quae
780 1528 855 1558 me
887 1513 1184 1557 redditurum
1214 1512 1435 1568 promise-

161 1596 278 1634 ram,
307 1583 620 1624 instrumenta
657 1595 751 1623 non
781 1580 910 1631 artis,
938 1581 994 1621 ut
1022 1579 1214 1633 quidam
1242 1579 1435 1632 putave-

161 1650 288 1699 runt,
307 1647 386 1690 sed
416 1647 565 1701 ipsius
589 1646 798 1688 oratoris.
856 1645 985 1687 Haec
1016 1657 1147 1686 arma
1175 1643 1346 1685 habere
1376 1641 1436 1684 ad

162 1726 369 1763 manum,
406 1712 576 1754 horum
613 1711 807 1753 scientia
844 1710 981 1752 debet
1018 1722 1116 1751 esse
1159 1708 1436 1758 succinctus,

162 1777 406 1820 accedente
426 1776 678 1819 verborum
698 1775 1050 1829 figurarumque
1078 1773 1210 1816 facili
1238 1773 1372 1826 copia
1391 1773 1437 1814 et

163 1843 449 1885 inventionis
478 1841 658 1883 ratione
688 1842 734 1882 et
767 1839 1042 1894 disponendi
1071 1852 1162 1880 usu
1192 1840 1238 1880 013
1267 1850 1437 1880 memo-

165 1908 261 1950 riae
289 1907 510 1949 firmitate
538 1907 584 1948 et
612 1905 810 1947 actionis
838 1904 1004 1958 gratia.
1062 1902 1151 1947 Sed
1178 1902 1438 1957 plurimum

165 1987 222 2015 ex
253 1973 328 2014 1118
365 1971 492 2014 valet
529 1970 709 2013 animi
754 1969 1139 2024 praestantia,
1176 1981 1318 2022 quam
1355 1980 1438 2010 nec

165 2039 318 2080 metus
338 2037 528 2090 frangat
551 2049 634 2078 nec
654 2034 927 2077 acclamatio
946 2035 1119 2076 terreat
1147 2046 1231 2075 nec
1250 2031 1439 2074 audien-

166 2102 288 2143 tium
307 2101 562 2143 auctoritas
580 2099 708 2141 ultra
723 2099 930 2141 debitam
944 2097 1255 2140 reverentiam
1272 2096 1438 2139 tardet.

167 2167 290 2209 Nam
308 2167 363 2207 ut
382 2164 694 2207 abominanda
714 2166 824 2206 sunt
843 2163 1077 2206 contraria
1103 2163 1179 2205 his
1198 2162 1318 2204 vitia
1337 2175 1440 2204 con·
1452 2171 1474 2205 2

167 2231 397 2282 fidentiae,
434 2230 726 2281 temeritatis,
763 2228 1094 2283 improbitatis,
1131 2227 1441 2281 arrogantiae,

167 2295 236 2337 ita
254 2295 373 2337 citra
384 2295 709 2345 constantiam,
728 2293 962 2344 fiduciam,
977 2292 1307 2334 fortitudinem
1320 2289 1442 2332 nihil

167 2373 258 2412 ars,
276 2358 397 2401 nihil
418 2358 642 2410 studium,
660 2357 782 2399 nihil
801 2357 1040 2411 profectus
1059 2357 1158 2411 ipse
1185 2355 1442 2410 profuerit3
