1696 2638
532 178 655 217 ms'r.
686 179 894 214 ORATOR„
925 178 970 220 x,
1000 180 1032 221 2,
1063 178 1138 214 1-5.
1392 177 1450 222 55

677 404 860 444 CAPUT
893 405 948 444 H.

612 495 679 550 mi
707 518 1012 550 IMITATIONE.

259 615 320 660 ΙΙ.
350 616 425 659 Ex
450 615 527 658 his
554 614 810 668 ceterisque
838 614 1045 656 lectione
1063 613 1220 667 dignis
1249 612 1450 656 auctori-

181 679 266 724 bus
294 683 340 723 et
367 681 619 723 verborum
647 679 872 722 sumenda
909 679 1042 733 copia
1072 681 1141 721 est
1171 681 1217 721 et
1247 678 1449 720 varietas

178 745 438 799 figurarum
453 747 499 787 et
518 744 822 817 componendi
843 744 978 795 ratio,
989 746 1092 785 tum
1107 743 1167 785 ad
1186 725 1450 815 exemplum

179 810 414 852 virtutum
432 809 643 851 omnium
672 822 802 851 mens
821 808 1077 861 dirigenda.
1135 807 1295 860 Neque
1325 807 1450 849 enim

178 874 386 916 dubitari
416 876 581 933 potest,
601 874 716 927 quin
745 874 861 915 artis
891 887 999 927 pars
1018 886 1190 926 magna
1219 872 1451 914 continea—

178 941 258 982 tur
303 939 651 982 imitatione.
727 939 849 980 Nam
886 940 941 980 ut
987 938 1198 980 invenire
1244 937 1451 991 primum

179 1004 274 1046 fuit
293 1006 453 1057 estque
473 1004 791 1058 praecipuum,
811 1003 876 1045 sic
896 1016 963 1054 ea,
983 1016 1102 1056 quae
1121 1002 1238 1044 bene
1258 1002 1451 1044 inventa

179 1071 303 1120 sunt,
339 1068 457 1111 utile
495 1068 637 1122 sequi.
694 1068 853 1122 Atque
883 1068 1035 1110 omnis
1065 1067 1191 1109 vitae
1230 1067 1351 1108 ratio
1385 1067 1484 1108 sica

179 1135 374 1184 constat,
401 1135 456 1175 ut
494 1146 613 1186 quae
650 1133 902 1187 probamus
939 1132 990 1173 in
1027 1131 1133 1173 aliis
1170 1131 1323 1173 facere
1359 1131 1451 1185 ipsi

178 1198 391 1241 velimus.
449 1198 524 1241 Sic
552 1198 821 1240 litterarum.
837 1197 1021 1248 ductus,
1039 1199 1095 1238 ut
1119 1196 1350 1238 scribendi
1369 1196 1452 1238 fiat

179 1276 306 1314 usus,
324 1263 458 1316 pueri
487 1265 760 1316 sequuntur,
780 1262 845 1304 sic
874 1262 1041 1303 musici
1061 1275 1221 1303 vocem
1249 1261 1451 1303 docenti-

178 1341 275 1379 um,
311 1327 510 1382 pictores
548 1341 687 1382 opera
733 1328 958 1381 priorum,
994 1327 1160 1369 rustici
1207 1326 1451 1381 probatam

179 1393 494 1447 experimento
532 1392 767 1434 culturam
803 1393 855 1433 in
891 1391 1153 1446 exemplum
1193 1392 1452 1443 intuentur,

179 1457 331 1500 omnis
367 1457 566 1511 denique
594 1457 867 1512 disciplinae
899 1458 1036 1499 initia
1063 1457 1123 1498 ad
1160 1456 1452 1510 propositum

180 1522 271 1565 sibi
299 1523 640 1576 praescriptum
670 1523 865 1564 formari
891 1522 1117 1564 videmus.
1175 1522 1236 1563 Et
1263 1521 1486 1565 hercules

179 1600 362 1630 necesse
380 1589 450 1629 est
469 1588 553 1628 aut
573 1587 747 1629 similes
767 1589 850 1629 aut
869 1586 1119 1628 dissimiles
1137 1586 1272 1628 bonis
1292 1586 1450 1629 simus.

180 1652 390 1696 Similem
418 1666 526 1695 raro
556 1654 726 1694 natura
755 1654 974 1706 praestat,
1001 1652 1270 1709 frequenter
1299 1652 1452 1693 imita-

179 1719 258 1761 tio.
316 1717 405 1762 Sed
431 1718 520 1760 hoc
539 1718 709 1772 ipsum,
728 1717 852 1771 quod
880 1719 1012 1758 tanto
1041 1716 1299 1758 faciliorem
1318 1716 1453 1758 nobis

179 1783 408 1825 rationem
440 1783 651 1824 omnium
684 1782 799 1824 facit
831 1795 973 1835 quam
996 1781 1091 1823 fuit
1118 1781 1191 1832 iis,
1214 1781 1296 1834 qui
1329 1779 1452 1822 nihil

181 1847 305 1900 quod
335 1849 637 1901 sequerentur
666 1846 948 1898 habuerunt,
979 1846 1070 1887 nisi
1101 1847 1235 1888 caute
1265 1847 1311 1888 et
1345 1859 1454 1888 cum

180 1912 355 1955 iudicio
373 1913 752 1967 adprehenditur,
771 1914 916 1955 nocet.

262 1979 388 2021 Ante
425 1978 583 2020 omnia
619 1978 767 2031 igitur
804 1977 1007 2019 imitatio
1044 1991 1127 2032 per
1155 1990 1203 2020 se
1230 1977 1333 2032 ipsa
1359 1987 1488 2021 non4

182 2043 365 2095 sufficit,
384 2043 459 2086 vel
479 2044 590 2097 quia
615 2044 740 2097 pigri
770 2045 839 2085 est
868 2042 1047 2096 ingenii
1066 2044 1337 2085 contentum
1356 2055 1454 2084 esse

181 2108 255 2160 iis,
273 2121 391 2162 quae
421 2109 516 2150 sint
545 2108 604 2149 ab
623 2108 730 2149 aliis
759 2108 963 2150 inventa.
1021 2107 1145 2161 Quid
1171 2108 1295 2150 enim
1325 2108 1453 2149 futu-

182 2187 290 2215 rum
326 2175 426 2216 erat
471 2173 759 2227 temporibus
805 2171 916 2225 illis,
952 2186 1070 2226 quae
1108 2174 1206 2215 sine
1243 2172 1453 2227 exemplo

184 2238 391 2289 fuerunt,
421 2239 461 2280 si
490 2238 701 2280 homines
731 2237 867 2290 hihil,
888 2238 980 2280 nisi
1010 2238 1134 2291 quod
1164 2238 1259 2279 iam
1289 2251 1454 2291 cogno·

183 2303 374 2354 vissent,
406 2303 674 2346 faciendum
712 2303 802 2345 sibi
839 2305 922 2345 aut
959 2303 1260 2356 cogitandum
1297 2304 1454 2357 putas-

185 2369 287 2410 sent
304 2369 324 2410 ?
377 2367 554 2424 Nempe
578 2367 699 2409 nihil
729 2367 897 2411 fuisset
926 2368 1184 2412 inventum.
1242 2367 1339 2411 Gur
1367 2367 1488 2423 igi-5
