1696 2638
257 189 312 232 88
575 186 696 223 INST.
728 187 935 222 ORATOR.
965 187 1047 230 XII,
1080 189 1110 229 1,
1140 188 1216 222 2-5.

257 313 346 354 que
383 300 521 343 rebus
558 299 862 355 perniciosius
900 299 1176 353 eloquentia,
1206 313 1380 354 nosque
1416 299 1518 355 ipsi,

257 364 338 418 qui
357 379 441 419 pro
457 364 584 407 virili
603 366 734 419 parte
750 365 959 406 conferre
974 364 1153 417 aliquid
1173 364 1231 406 ad
1247 364 1520 407 facultatem

255 429 438 471 dicendi
453 430 607 472 conati
628 443 803 480 sumus,
818 429 1013 483 pessime
1032 442 1292 471 mereamur
1311 429 1367 470 de
1381 429 1519 471 rebus

255 493 486 545 humanis,
506 494 545 535 si
572 493 745 535 latroni
774 507 1095 547 comparamus
1122 493 1236 535 haec
1265 507 1408 544 arma,
1426 507 1519 535 non

221 557 406 601 zmiliti.
465 557 588 611 Quid
616 557 671 600 de
696 557 830 599 nobis
857 557 1058 611 loquor?
1113 557 1288 599 Rerum
1315 557 1417 611 ipsa
1440 571 1519 599 na-

255 624 362 664 tura
381 622 431 663 in
451 636 517 673 eo,
533 621 656 675 quod
676 621 921 676 praecipue
936 621 1183 664 indulsisse
1201 621 1381 663 homini
1396 621 1519 664 vide-

254 688 346 738 tur,
377 700 560 740 quoque
589 700 673 728 nos
703 700 732 728 a
761 686 923 728 ceteris
957 686 1239 728 animalibus
1274 700 1519 740 separasse,

254 765 348 792 non
376 764 555 804 parens,
575 750 653 793 sed
682 764 882 792 noverca
911 750 1069 801 fuerit,
1090 750 1130 792 si
1160 750 1434 792 facultatem
1453 750 1520 792 di-

255 815 400 866 cendi,
439 815 611 857 sociam
658 814 895 866 scelerum,
933 814 1175 857 adversam
1217 815 1518 867 innocentiae,

254 880 435 922 hostem
467 879 680 922 veritatis
711 879 904 922 invenit.
973 880 1130 921 Mutos
1160 879 1283 922 enim
1313 879 1441 921 nasci
1474 880 1519 922 et

254 958 386 998 egere
420 944 547 986 omni
579 944 758 986 ratione
796 944 943 986 satius
980 944 1159 995 fuisset,
1189 957 1330 997 quam
1365 943 1519 997 provi-

255 1008 437 1052 dentiae
457 1022 651 1051 munera
670 1008 720 1050 in
739 1010 954 1050 mutuam
973 1008 1224 1062 perniciem
1240 1010 1516 1051 convertere.

220 1082 242 1116 3
336 1073 543 1127 Longius
580 1073 730 1116 tendit
766 1073 853 1115 hoc
886 1073 1113 1115 iudicium
1149 1087 1305 1115 meum
1319 1089 1329 1125 ;
1370 1086 1519 1126 neque

254 1138 379 1181 enim
407 1140 592 1180 tantum
621 1138 670 1179 id
699 1137 815 1189 dico,
835 1151 956 1189 eum,
975 1138 1056 1190 qui
1085 1137 1145 1179 sit
1174 1139 1342 1188 orator,
1361 1137 1516 1179 virum

253 1204 429 1245 bonum
449 1217 543 1245 esse
564 1204 786 1257 oportere,
807 1202 884 1244 sed
903 1216 961 1244 ne
981 1202 1198 1244 futurum
1218 1202 1405 1255 quidem
1420 1215 1519 1244 ora-

253 1269 402 1309 torem
431 1267 522 1309 nisi
541 1267 698 1309 virum
728 1267 914 1309 bonum.
973 1266 1095 1308 Nam
1124 1268 1246 1308 certe
1273 1279 1422 1319 neque
1451 1266 1518 1307 in-

254 1330 569 1383 tellegentiam
593 1330 868 1373 concesseris
888 1330 958 1382 iis,
978 1330 1073 1384 qui,
1093 1330 1331 1384 proposita
1357 1330 1519 1372 hones-

254 1396 410 1437 torum
429 1409 482 1437 ac
502 1395 713 1449 turpium
732 1395 824 1446 via,
844 1395 1047 1449 peiorem
1077 1394 1207 1448 sequi
1236 1394 1424 1446 malent,
1444 1409 1519 1437 ne-

255 1473 344 1513 que
371 1459 690 1514 prudentiam;
719 1474 826 1502 cum
845 1460 895 1501 in
923 1459 1224 1513 gravissimas
1252 1459 1518 1512 frequenter

253 1523 425 1577 legum,
445 1538 622 1578 semper
642 1538 752 1567 vero
782 1524 930 1566 malae
961 1524 1267 1566 conscientiae
1291 1536 1461 1578 poenas
1490 1537 1519 1566 a

255 1590 397 1631 semet
434 1589 547 1643 ipsis
584 1589 838 1643 improviso
875 1603 1032 1631 rerum
1070 1589 1199 1631 exitu
1245 1588 1515 1632 induantur.

219 1664 243 1698 4
256 1650 431 1707 Quodsi
462 1654 693 1696 neminem
723 1653 901 1695 malum
932 1667 1027 1696 esse
1056 1653 1148 1696 nisi
1181 1653 1379 1695 stultum
1409 1666 1518 1694 eun-

224 1710 228 1716 ’
254 1718 372 1770 dem,
404 1732 498 1760 non
539 1718 676 1759 modo
714 1718 1002 1772 sapientibus
1039 1717 1225 1769 dicitur,
1263 1717 1341 1759 sed
1373 1716 1518 1770 vulgo

255 1795 438 1835 quoque
464 1796 641 1836 semper
672 1784 740 1824 est
771 1782 1012 1834 creditum,
1033 1784 1154 1824 certe
1184 1795 1278 1824 non
1311 1781 1389 1823 fiet
1418 1794 1518 1822 um-

256 1860 396 1899 quam
425 1846 597 1888 stultus
626 1848 792 1889 orator.
850 1846 985 1888 Adde
1006 1846 1129 1899 quod
1158 1859 1215 1888 ne
1244 1844 1398 1887 studio
1418 1844 1518 1897 qui-

255 1910 358 1952 dem
389 1910 538 1964 operis
568 1910 871 1965 pulcherrimi
893 1924 1060 1953 vacare
1091 1924 1233 1961 mens,
1251 1909 1343 1952 nisi
1373 1908 1518 1951 omni-

254 1973 342 2016 bus
361 1972 490 2016 vitiis
517 1975 678 2026 libera,
698 1977 868 2028 potest:
897 1974 1102 2028 primum
1130 1974 1253 2028 quod
1280 1973 1330 2015 in
1359 1973 1517 2015 eodem

254 2040 437 2093 pectore
455 2039 640 2080 nullum
660 2041 729 2081 est
756 2039 1057 2081 honestorum
1085 2038 1388 2092 turpiumque
1413 2051 1517 2079 con-

256 2103 465 2155 sortium,
496 2105 541 2145 et
571 2103 776 2157 cogitare
806 2104 983 2158 optima
1012 2103 1152 2145 simul
1184 2116 1237 2144 ac
1270 2101 1515 2144 deterrima

255 2181 349 2209 non
367 2168 517 2221 magis
537 2170 604 2210 est
632 2168 774 2210 unius
802 2168 960 2219 animi,
976 2181 1117 2221 quam
1139 2166 1343 2209 eiusdem
1370 2165 1517 2208 homi-

222 2231 329 2273 5nis
358 2232 533 2273 bonum
565 2246 660 2274 esse
691 2246 743 2273 ac
775 2232 975 2285 malum3
1003 2234 1107 2273 tum
1135 2231 1218 2273 illa
1248 2244 1432 2284 quoque
1461 2243 1517 2272 ex

257 2309 408 2346 causa,
435 2296 557 2349 quod
588 2298 789 2338 mentem
819 2298 977 2338 tantae
1006 2295 1073 2337 rei
1105 2295 1333 2337 intentam
1352 2306 1517 2336 vacare

256 2360 472 2403 omnibus
492 2360 595 2403 aliis
615 2360 756 2403 etiam
785 2360 923 2416 culpa
950 2359 1215 2403 carentibus
1235 2359 1359 2402 curis
1387 2371 1517 2414 opor-
