1696 2638
451 159 573 195 ms'r.
604 138 813 194 ORATOR„
843 159 927 201 XII,
959 159 1012 201 10,
1043 159 1163 194 66-70.
1355 160 1439 203 139

166 273 310 316 lium
348 272 684 326 contendet3
722 272 848 315 hunc
875 274 931 314 ut
960 271 1099 314 deum
1131 235 1342 314 homines
1369 271 1439 314 in-

166 338 435 381 tuebuntur.
493 337 629 380 Hanc
657 338 757 379 vim
785 339 832 379 et
860 336 1145 379 celeritatem
1172 336 1224 378 in
1261 335 1439 379 Pericle

166 402 365 444 miratur
395 402 605 456 Eupolis,
632 402 754 444 hane
787 401 1071 443 fulminibus
1100 400 1438 455 Aristophanes

165 469 417 520 comparat,
435 466 549 509 haec
569 468 638 508 est
657 479 765 508 vere
785 466 969 508 dicendi
989 465 1204 508 facultas.

246 531 334 574 Sed
353 544 501 584 neque
519 531 595 573 his
614 531 767 573 tribus
787 531 921 584 quasi
941 530 1106 573 formis
1135 530 1318 572 inclusa
1348 530 1438 572 elo-
1450 537 1494 571 66

164 595 356 649 quentia
385 598 466 639 est.
535 595 657 637 Nam
686 597 742 637 ut
771 595 895 637 inter
927 595 1101 648 gracile
1134 594 1437 648 validumque

163 660 357 702 tertium
387 659 566 714 aliquid
595 660 904 702 constitutum
924 662 1007 711 est,
1021 660 1089 702 ita
1116 659 1286 701 horum
1313 659 1437 702 inter

165 738 211 766 se
229 724 480 767 intervalla
499 726 623 776 sunt,
640 726 783 778 atque
810 725 933 767 inter
960 724 1075 766 haec
1104 724 1206 778 ipsa
1233 724 1436 766 mixtum

163 789 386 843 quiddam
406 803 463 831 ex
490 789 673 831 duobus
692 789 900 831 medium
919 791 989 832 est
1017 803 1190 832 eorum.
1248 789 1371 831 Nam
1390 791 1437 831 et
1449 797 1494 832 67

163 854 326 897 subtili
355 854 539 909 plenius
577 854 755 908 aliquid
793 856 933 908 atque
971 854 1193 897 subtilius
1224 856 1270 896 et
1299 854 1436 897 vehe-

163 919 310 961 menti
337 919 577 962 remissius
605 921 746 973 atque
766 919 1088 961 vehementius
1107 919 1363 971 invenitur,
1381 920 1437 961 ut

163 983 282 1026 illud
300 983 402 1027 lene
421 986 504 1026 aut
524 984 731 1026 ascendit
750 983 810 1026 ad
830 984 1026 1026 fortiora
1041 986 1124 1026 aut
1144 983 1204 1025 ad
1222 983 1438 1026 tenuiora

163 1049 487 1092 summittitur.
545 1050 616 1091 Ac
633 1049 698 1091 sic
718 1062 860 1103 prope
879 1048 1244 1091 innumerabiles
1263 1048 1437 1103 species

163 1114 473 1169 reperiuntur,
492 1127 611 1167 quae
630 1114 793 1167 utique
813 1113 971 1167 aliquo
990 1115 1227 1156 momento
1246 1113 1369 1156 inter
1388 1128 1437 1157 se

163 1179 396 1230 differant,
416 1178 537 1221 sicut
556 1180 780 1232 quattuor
799 1181 964 1221 ventos
984 1178 1264 1232 generaliter
1282 1192 1311 1220 a
1329 1179 1437 1221 toti-

162 1244 268 1286 dem
286 1243 451 1285 mundi
470 1243 740 1286 cardinibus
759 1243 1020 1297 accepimus
1049 1243 1174 1296 flare,
1193 1257 1301 1286 cum
1320 1244 1437 1286 inte-

162 1308 254 1350 rim
272 1308 466 1362 plurimi
485 1307 627 1350 medii
647 1310 692 1350 et
712 1321 874 1350 eorum
893 1308 1027 1349 varia
1046 1308 1251 1360 nomina,
1271 1310 1317 1351 et
1336 1309 1436 1362 qui-

162 1373 271 1416 dam
290 1374 432 1416 etiam
450 1373 696 1427 regionum
725 1386 778 1415 ac
798 1372 1048 1414 fluminum
1067 1373 1259 1428 proprii,
1278 1373 1436 1428 depre-

162 1438 444 1481 henduntur.
492 1438 759 1492 Eademque
778 1437 969 1480 musicis
981 1438 1102 1480 ratio
1114 1440 1197 1490 est,
1213 1438 1309 1492 qui,
1328 1452 1436 1480 cum
1447 1446 1492 1482 68

162 1503 214 1545 in
241 1503 422 1546 cithara
449 1504 654 1557 quinque
691 1503 1036 1545 constituerunt
1065 1517 1214 1555 sonos,
1232 1503 1437 1557 plurima

163 1567 327 1611 deinde
355 1568 583 1611 varietate
613 1568 847 1622 complent
877 1568 1029 1622 spatia
1058 1568 1142 1610 illa
1169 1582 1436 1620 nervorum,

163 1635 302 1687 atque
330 1633 418 1684 his,
436 1647 552 1687 quos
574 1633 968 1687 interposuerunt,
988 1633 1202 1675 inserunt
1232 1633 1362 1684 alios,
1380 1635 1436 1675 ut

162 1699 300 1752 pauci
319 1698 390 1740 illi
409 1698 637 1741 transitus
657 1698 831 1740 multos
851 1698 1024 1752 gradus
1045 1697 1260 1741 habeant.

244 1763 409 1806 Plures
457 1763 604 1817 igitur
652 1760 795 1805 etiam
834 1762 1123 1816 eloquentiae
1161 1762 1318 1814 facies,
1356 1762 1435 1805 sed
1447 1766 1490 1801 69

77 1861 80 1864 .
164 1827 494 1870 stultissimum
526 1841 760 1881 quaerere,
789 1827 848 1869 ad
881 1842 1023 1881 quam
1054 1841 1101 1870 se
1132 1829 1344 1870 recturus
1374 1828 1436 1870 sit

162 1894 332 1944 orator,
357 1906 465 1935 cum
493 1893 644 1934 omnis
675 1892 863 1946 species,
883 1906 1001 1946 quae
1028 1891 1167 1935 modo
1196 1894 1324 1935 recta
1353 1895 1436 1945 est,

162 1956 331 1999 habeat
368 1971 521 2008 usum,
554 1959 694 2010 atque
725 1956 775 1998 id
807 1956 964 2011 ipsum
997 1971 1092 1999 non
1129 1957 1191 1999 sit
1224 1957 1436 2009 oratoris,

162 2020 287 2074 quod
323 2021 468 2075 vulgo
517 2034 698 2075 genus
736 2020 971 2063 dicendi
1009 2023 1190 2064 vocant
1262 2021 1436 2065 Utetur

163 2085 301 2137 enim,
314 2088 368 2128 ut
387 2100 460 2128 res
480 2086 648 2139 exiget,
663 2085 896 2137 omnibus,
916 2100 999 2128 nec
1020 2100 1105 2140 pro
1125 2100 1266 2129 causa
1283 2086 1435 2138 modo,

163 2150 242 2192 sed
279 2164 363 2204 pro
400 2151 614 2205 partibus
652 2164 829 2193 causae.
887 2150 1010 2193 Nam
1047 2153 1102 2192 ut
1139 2165 1235 2193 non
1275 2151 1492 2196 eodem‘zo

162 2215 300 2257 modo
318 2229 402 2269 pro
416 2229 494 2258 reo
514 2216 681 2269 capitis
696 2217 741 2257 et
761 2215 812 2257 in
826 2215 1077 2258 certamine
1095 2216 1368 2258 hereditatis
1388 2218 1434 2258 et

164 2279 221 2321 de
245 2279 505 2322 interdictis
536 2294 588 2321 ac
616 2279 941 2333 sponsionibus
961 2283 1007 2322 et
1037 2280 1093 2322 de
1113 2283 1240 2323 certa
1259 2281 1435 2323 credita

163 2343 300 2396 dicet,
328 2344 666 2386 sententiarum
695 2358 879 2398 quoque
908 2344 959 2386 in
989 2347 1155 2387 senatu
1184 2347 1230 2387 et
1260 2346 1435 2388 contio-
