1696 2638
503 176 626 214 msr.
657 175 866 213 ORATOR.
896 175 941 220 x,
970 177 1003 219 4,
1032 175 1109 212 2-4.
1390 178 1446 220 69

175 298 279 338 tum
316 294 386 336 est
434 291 596 335 stilum
643 305 738 333 non
785 291 942 333 minus
979 304 1129 344 agere,
1166 304 1274 332 cum
1311 289 1445 333 delet.

178 359 334 402 Huius
360 359 518 400 autem
548 356 700 411 operis
737 358 806 398 est
844 355 1088 406 adicere,
1125 354 1447 406 detrahere,

176 426 412 466 mutare.
470 421 559 465 Sed
589 420 778 478 facilius
796 421 848 462 in
877 420 936 462 iis
956 419 1305 474 simpliciusque
1328 419 1447 460 iudi-

178 489 316 540 cium,
335 500 453 541 quae
473 485 695 540 replenda
714 484 791 527 vel
816 484 1056 527 deicienda
1078 486 1211 536 sunt3
1239 497 1448 538 premere

178 567 289 599 vero
317 551 563 603 tumentia,
582 550 784 592 humilia
816 549 1050 601 extollere,
1068 548 1360 590 luxuriantia
1379 562 1448 590 as-

178 618 397 671 tringere,
426 616 695 671 inordinata
726 615 949 668 digerere,
979 613 1132 656 soluta
1162 627 1448 668 componere,

179 682 440 725 exultantia
454 682 674 732 coercere,
690 679 890 734 duplicis
910 693 1098 734 operae3
1126 693 1237 721 nam
1256 681 1302 721 et
1322 679 1448 720 dam·
1461 686 1483 719 2

178 747 334 789 nanda
358 748 467 788 sunt
497 759 616 799 quae
645 744 934 799 placuerant,
953 746 999 786 et
1029 743 1311 786 invenienda
1329 756 1448 796 quae

178 812 411 866 fugerant.
468 811 564 853 Nec
584 810 781 852 dubium
810 811 879 851 est
910 809 1140 863 optimum
1171 822 1268 851 esse
1298 821 1448 850 emen-

178 878 319 920 dandi
350 891 510 931 genus,
529 877 568 919 si
600 876 774 930 scripta
803 875 855 916 in
886 874 1075 928 aliquod
1105 876 1290 928 tempus
1320 886 1448 927 repo-

177 944 365 994 nantur,
396 943 451 983 ut
488 941 548 983 ad
585 954 639 983 ea
674 942 780 994 post
795 993 798 995 Α
816 938 1121 982 intervallum
1158 938 1289 980 velut
1325 951 1450 980 nova

178 1010 317 1061 atque
354 1006 507 1048 aliena
543 1005 799 1056 redeamus,
829 1019 887 1047 ne
918 1004 1053 1046 nobis
1086 1003 1260 1058 scripta
1289 1006 1450 1045 nostra

177 1075 420 1126 tamquam
445 1070 650 1113 recentes
669 1070 794 1112 fetus
812 1069 1128 1111 blandiantur.
1187 1068 1275 1111 Sed
1300 1081 1448 1121 neque
1461 1076 1483 1111 3

176 1137 264 1184 hoc
283 1136 552 1189 contingere
572 1148 752 1188 semper
780 1135 932 1188 potest
964 1133 1239 1188 praesertim
1260 1133 1449 1184 oratori,

177 1202 253 1244 cui
291 1201 474 1256 saepius
504 1200 703 1242 scribere
734 1199 802 1241 ad'
830 1199 1087 1253 praesentis
1121 1212 1234 1241 usus
1266 1211 1448 1241 necesse

177 1269 270 1319 est;
298 1268 344 1309 et
363 1265 625 1308 emendatio
644 1265 747 1319 ipsa
765 1264 905 1306 finem
932 1264 1115 1307 habeat.
1173 1265 1292 1308 Sunt
1323 1264 1448 1307 enim

176 1332 258 1386 qui
277 1332 337 1373 ad
357 1330 514 1373 omnia
533 1330 707 1384 scripta
726 1331 967 1383 tamquam
987 1330 1159 1372 vitiosa
1178 1330 1369 1372 redeant
1388 1331 1448 1381 et,

176 1396 309 1451 quasi
328 1395 449 1438 nihil
478 1395 551 1437 fas
577 1395 638 1436 sit
668 1397 848 1436 rectum
870 1408 966 1437 esse
986 1395 1110 1448 quod
1138 1395 1345 1449 primum
1365 1396 1448 1446 est,

175 1461 343 1504 melius
366 1460 631 1503 existiment
652 1459 879 1512 quidquid
912 1461 981 1501 est
1012 1459 1156 1511 aliud,
1174 1460 1315 1513 idque
1334 1459 1447 1502 faci-

177 1527 273 1577 ant,
309 1525 523 1579 quotiens
566 1523 740 1565 librum
779 1523 830 1565 in
874 1537 1042 1566 manus
1085 1526 1447 1578 resumpserunt,

176 1590 352 1633 similes
380 1589 572 1631 medicis
592 1588 734 1630 etiam
764 1588 950 1642 integra
981 1589 1255 1631 secantibus.
1312 1589 1447 1631 Acci-

177 1655 247 1697 dit
264 1655 436 1708 itaque,
451 1655 504 1695 ut
524 1653 794 1695 cicatricosa
814 1653 909 1695 sint
929 1655 975 1695 et
994 1653 1251 1706 exsanguia
1270 1655 1315 1695 et
1335 1667 1448 1695 cura

175 1721 345 1775 peiora.
417 1719 488 1762 Sit
528 1732 639 1772 ergo
680 1718 932 1772 aliquando
969 1718 1093 1771 quod
1140 1718 1322 1772 placeat
1364 1720 1482 1762 aut4
1523 1727 1526 1729 ’

177 1787 299 1828 certe
318 1783 442 1838 quod
462 1783 674 1834 sufficiat,
693 1785 747 1824 ut
778 1796 894 1837 opus
923 1782 1071 1836 poliat
1101 1782 1229 1834 lima,
1247 1797 1341 1825 non
1371 1797 1446 1826 ex-

176 1851 309 1892 terat.
361 1848 602 1902 Temporis
622 1861 805 1901 quoque
825 1860 922 1889 esse
941 1846 1077 1889 debet
1096 1847 1273 1890 modus
1323 1847 1445 1889 Nam

176 1915 300 1968 quod
333 1914 510 1958 Cinnae
541 1914 790 1967 Smyrnam
820 1925 988 1953 novem
1019 1912 1155 1954 annis
1185 1913 1446 1966 accepimus

177 1980 412 2034 scriptam,
431 1981 476 2021 et
508 1977 851 2031 Panegyricum
872 1977 1103 2028 Isocratis,
1122 1977 1203 2031 qui
1234 1978 1446 2032 parcissi-

175 2058 264 2096 me,
282 2044 439 2086 decem
459 2043 595 2085 annis
615 2042 778 2084 dicunt
798 2040 1102 2092 elaboratum,
1123 2041 1181 2083 ad
1213 2044 1444 2084 oratorem

176 2108 297 2151 nihil
321 2108 538 2163 pertinet,
557 2106 691 2149 cuius
720 2105 905 2147 nullum
935 2105 1038 2158 erit,
1057 2106 1097 2148 si
1126 2109 1226 2148 tam
1255 2106 1446 2148 tardum

176 2173 336 2227 fuerit,
355 2172 598 2216 auxilium.
