1696 2638
282 165 363 206 126
572 163 693 198 le'r.
725 164 931 200 ORATOR.
962 165 1045 207 XII,
1077 166 1128 207 10,
1160 167 1256 201 7-10.

280 275 476 327 Samius,
495 276 683 329 ingenio
712 278 757 319 et
785 277 951 330 gratia,
970 292 1110 331 quam
1129 278 1180 320 in
1199 292 1247 321 se
1274 279 1371 333 ipse
1398 280 1544 322 maxi-

279 354 352 382 me
371 340 526 391 iactat,
547 341 734 394 Apelles
750 344 819 383 est
838 343 1275 395 praestantissimus.
1332 345 1544 398 Euphra-

278 418 439 446 norem
458 404 787 447 admirandum
806 406 935 458 facit,
955 407 1078 460 quod
1107 410 1152 449 et
1172 408 1337 450 ceteris
1357 409 1545 463 optimis

280 468 445 510 studiis
468 469 591 510 inter
620 470 892 524 praecipuos
923 473 968 513 et
998 471 1221 526 pingendi
1251 473 1545 527 fingendique

278 532 399 574 idem
420 532 567 574 mirus
587 533 760 575 artifex
779 534 886 577 fuit.

247 608 266 642 7
359 597 533 639 Similis
552 597 604 638 in
623 598 791 640 statuis
811 598 1086 643 differentia.
1145 601 1266 643 Nam
1285 601 1475 644 duriora
1500 603 1546 644 et

279 661 545 703 Tuscanicis
575 662 789 716 proxima
820 663 984 707 Callon
1015 667 1154 718 atque
1188 666 1425 719 Hegesias,
1450 666 1546 708 iam

277 726 433 769 minus
488 727 641 780 rigida
678 728 896 780 Calamis,
942 729 1157 772 molliora
1203 731 1354 773 adhuc
1405 745 1546 786 supra

277 790 414 833 dictis
434 791 602 845 Myron
631 792 754 836 fecit.
812 793 1069 847 Diligentia
1088 808 1141 836 ac
1169 795 1303 837 decor
1330 795 1382 836 in
1410 794 1545 849 Poly-

277 855 387 897 clito
424 869 565 909 supra
601 858 788 908 ceteros,
817 858 893 899 cui
931 872 1214 912 quamquam
1251 873 1279 900 a
1315 859 1546 913 plerisque

276 919 504 961 tribuitur
529 920 698 974 palma,
728 923 898 973 tamen,
917 936 975 964 ne
1005 923 1125 964 nihil
1154 923 1440 975 detrahatur,
1471 923 1545 966 de-

243 997 372 1033 gesse
408 985 590 1039 pondus
627 987 808 1039 putant.
866 986 988 1028 Nam
1017 989 1072 1029 ut
1099 987 1331 1029 humanae
1368 987 1546 1030 formae

276 1048 484 1091 decorem
517 1049 749 1092 addiderit
783 1064 923 1104 supra
956 1065 1135 1103 verum,
1165 1051 1234 1093 ita
1265 1065 1359 1093 non
1396 1051 1545 1106 exple-

277 1113 398 1155 visse
426 1114 619 1156 deorum
647 1115 975 1157 auctoritatem
1004 1116 1202 1159 videtur.
1271 1116 1396 1170 Quin
1424 1118 1545 1159 aeta-

275 1179 370 1219 tem
417 1192 598 1231 quoque
645 1179 909 1232 graviorem
946 1180 1118 1222 dicitur
1159 1181 1387 1234 refugisse
1424 1181 1545 1223 nihil

276 1255 416 1284 ausus
431 1243 557 1285 ultra
575 1243 693 1285 levis
714 1257 867 1297 genas.
916 1245 983 1286 At
1003 1259 1120 1298 quae
1141 1245 1372 1299 Polyclito
1388 1245 1545 1288 defue-

242 1320 263 1354 9
276 1309 401 1359 runt,
431 1307 626 1350 Phidiae
657 1310 796 1361 atque
826 1308 1072 1351 Alcameni
1101 1309 1284 1352 dantur.
1352 1310 1545 1353 Phidias

275 1373 432 1414 tamen
468 1372 540 1414 dis
586 1386 727 1426 quam
773 1373 1042 1416 hominibus
1089 1374 1336 1416 efficiendis
1382 1375 1546 1418 melior

275 1436 447 1479 artifex
475 1437 694 1488 creditur,
713 1437 764 1479 in
793 1438 928 1480 ebore
947 1452 1058 1480 vero
1085 1438 1223 1492 longe
1251 1439 1369 1481 citra
1392 1453 1544 1482 aemu-

275 1500 389 1552 lum,
425 1501 500 1543 vel
542 1502 581 1543 si
618 1502 738 1543 nihil
784 1502 875 1544 nisi
923 1503 1185 1545 Minervam
1221 1504 1423 1546 Athenis
1460 1506 1544 1547 aut

275 1565 548 1619 Olympium
566 1566 618 1607 in
637 1566 771 1608 Elide
792 1567 951 1609 Iovem
970 1567 1168 1620 fecisset,
1188 1569 1321 1610 cuius
1340 1569 1544 1623 pulchri-

275 1629 389 1671 tudo
427 1630 646 1672 adiecisse
684 1630 863 1684 aliquid
900 1631 1042 1673 etiam
1080 1635 1290 1687 receptae
1326 1633 1543 1687 religioni

275 1694 486 1746 videtur3
534 1695 647 1737 adeo
684 1696 901 1738 maiestas
939 1697 1089 1750 operis
1127 1697 1266 1740 deum
1311 1698 1541 1751 aequavit.

275 1759 353 1800 Ad
372 1759 618 1801 veritatem
647 1760 906 1814 Lysippum
926 1775 978 1803 ac
1007 1761 1273 1804 Praxitelen
1301 1762 1543 1805 accessisse

275 1823 448 1877 optime
497 1823 770 1876 adfirmant;
825 1839 935 1867 nam
991 1826 1255 1868 Demetrius
1301 1828 1542 1880 tamquam

274 1887 448 1929 nimius
476 1888 527 1929 in
555 1902 608 1930 ea
635 1889 989 1942 reprehenditur
1018 1892 1063 1932 et
1091 1891 1186 1932 fuit
1219 1890 1542 1933 similitudinis

275 1965 415 2005 quam
434 1951 798 2006 pulchritudinis
818 1954 1059 1997 amantior.

220 2027 263 2061 10
356 2016 412 2057 In
450 2017 715 2059 oratione
761 2031 872 2059 vero
910 2018 949 2060 si
992 2019 1163 2072 species
1199 2019 1374 2061 intueri
1411 2019 1542 2071 velis,

274 2080 469 2123 totidem
506 2095 650 2135 paene
681 2082 882 2136 reperias
912 2082 1207 2136 ingeniorum
1238 2085 1352 2137 quot
1385 2097 1541 2138 corpo-

275 2158 381 2186 rum
401 2145 586 2188 formas.
645 2146 732 2189 Sed
758 2146 889 2188 fuere
908 2147 1134 2200 quaedam
1162 2162 1331 2201 genera
1359 2147 1541 2190 dicendi

275 2209 541 2266 condicione
556 2212 819 2264 temporum
837 2210 1112 2263 horridiora,
1127 2212 1303 2266 alioqui
1321 2226 1541 2267 magnam

274 2272 370 2314 iam
388 2273 566 2326 ingenii
586 2274 684 2316 vim
703 2289 814 2328 prae
834 2289 880 2317 se
900 2276 1110 2319 ferentia.
1169 2277 1294 2319 Hinc
1315 2277 1410 2319 sint
1430 2278 1540 2320 Lae-

274 2335 342 2389 lii,
360 2338 590 2390 Africani,
620 2338 818 2382 Catones
847 2340 988 2382 etiam
1018 2340 1321 2395 Gracchique,
1344 2355 1459 2396 quos
1486 2343 1540 2384 tu
