1696 2638
271 170 357 213 142
554 167 676 203 INST.
706 167 914 203 ORATOR.
945 167 1027 210 XII,
1060 168 1112 210 11,
1143 167 1218 204 1-4.

270 279 533 333 luxuriosa3
561 280 777 332 iucunda,
805 294 899 322 non
927 279 1153 322 dissoluta
1165 297 1176 334 ;
1205 279 1414 334 grandia,
1440 295 1534 324 non

270 345 462 388 tumida.
521 345 696 388 Similis
724 346 774 386 in
794 344 956 387 ceteris
979 345 1100 386 ratio
1120 346 1189 387 est
1217 359 1270 387 ac
1297 346 1534 388 tutissima

270 409 367 452 fere
404 423 485 463 per
522 409 727 452 medium
755 409 847 461 via,
884 409 995 463 quia
1030 409 1276 463 utriusque
1312 409 1534 452 ultimum

270 473 443 516 vitium
462 475 543 517 est.

759 696 941 736 CAPUT
977 696 1053 736 XI.

557 820 693 861 QUAE
722 821 839 853 Pos'r
868 821 1023 852 FINEM
1053 821 1246 855 srUDIA.

349 928 434 972 XI.
463 929 554 971 His
572 928 755 971 dicendi
775 928 1033 971 virtutibus
1058 943 1171 971 usus
1201 931 1356 971 orator
1387 928 1439 971 in
1465 928 1535 971 iu-

268 992 417 1045 diciis,
436 993 655 1045 consiliis,
674 993 981 1045 contionibus,
1001 995 1179 1045 senatu,
1193 994 1244 1035 in
1263 993 1391 1035 omni
1410 993 1535 1036 deni-

269 1072 358 1112 que
395 1059 542 1100 officio
578 1057 690 1100 boni
727 1058 844 1100 civis
882 1058 1022 1100 finem
1050 1072 1233 1112 quoque
1264 1058 1461 1112 dignum
1489 1060 1535 1101 et

269 1123 445 1177 optimo
464 1123 568 1164 viro
587 1124 632 1163 et
652 1135 787 1176 opere
807 1122 1098 1164 sanctissimo
1118 1122 1283 1175 faciet3
1311 1136 1405 1164 non
1424 1122 1536 1176 quia

268 1187 482 1242 prodesse
500 1200 724 1240 umquam
744 1187 856 1228 satis
876 1187 937 1228 sit
957 1188 1001 1228 et
1021 1186 1104 1228 illa
1123 1189 1276 1229 mente
1296 1189 1434 1240 atque
1452 1186 1536 1229 illa

267 1251 491 1294 facultate
519 1251 729 1306 praedito
747 1266 841 1294 non
861 1252 1117 1306 optandum
1146 1251 1296 1305 operis
1324 1250 1535 1304 pulcher-

267 1315 376 1358 rimi
406 1330 547 1370 quam
575 1316 901 1370 longissimum
931 1318 1128 1370 tempus,
1159 1316 1237 1358 sed
1265 1315 1376 1369 quia
1406 1315 1535 1357 decet

266 1380 354 1424 11οο
373 1394 555 1436 quoque
573 1382 845 1436 prospicere,
865 1395 922 1423 ne
942 1380 1055 1434 quid
1083 1380 1230 1435 peius,
1250 1394 1391 1433 quam
1419 1379 1534 1422 fece-

232 1446 344 1498 2111,
381 1445 537 1489 faciat.
593 1446 754 1500 Neque
792 1446 917 1488 enim
948 1446 1141 1489 scientia
1177 1445 1315 1488 modo
1353 1446 1534 1488 constat

267 1512 436 1563 orator,
455 1525 573 1564 quae
592 1513 791 1564 augetur
810 1511 958 1563 annis,
974 1511 1052 1553 sed
1071 1525 1197 1562 voce,
1216 1510 1373 1562 latere,
1392 1509 1534 1551 firmi-

266 1576 363 1618 tate
375 1592 387 1629 3
433 1576 603 1629 quibus
640 1576 803 1618 fractis
840 1577 922 1618 aut
959 1575 1223 1618 imminutis
1265 1576 1415 1617 aetate
1453 1587 1534 1617 seu

266 1639 534 1682 valetudine
553 1639 812 1682 cavendum
832 1642 913 1692 est,
932 1654 990 1682 ne
1010 1640 1123 1693 quid
1142 1639 1192 1681 in
1211 1641 1392 1682 oratore
1412 1652 1534 1681 sum-

266 1718 343 1747 mo
370 1704 668 1756 desideretur,
686 1719 744 1747 ne
772 1705 1032 1747 intersistat
1061 1704 1305 1758 fatigatus,
1329 1717 1388 1746 ne
1416 1717 1534 1757 quae

267 1768 388 1811 dicet
407 1783 574 1823 parum
589 1769 743 1811 audiri
763 1769 946 1821 sentiat,
960 1783 1018 1811 ne
1038 1783 1086 1811 se
1106 1770 1299 1822 quaerat
1318 1767 1531 1822 priorem.

231 1833 380 1875 3Vidi
409 1847 494 1887 ego
520 1833 657 1887 longe
694 1834 917 1885 omnium,
953 1847 1069 1887 quos
1105 1833 1224 1875 mihi
1261 1845 1533 1886 cognoscere

266 1898 479 1952 contigit,
509 1912 744 1940 summum
781 1900 1025 1950 oratorem,
1059 1897 1320 1940 Domitium
1358 1896 1533 1939 Afrum

267 1962 401 2006 valde
432 1977 598 2015 senem,
626 1963 794 2006 cotidie
813 1963 991 2016 aliquid
1021 1977 1078 2005 ex
1103 1976 1169 2014 ea,
1189 1976 1330 2016 quam
1357 1974 1533 2003 merue-

265 2029 354 2080 rat,
373 2028 649 2070 auctoritate
667 2028 948 2082 perdentem,
968 2041 1074 2070 cum
1094 2029 1259 2081 agente
1278 2025 1375 2078 illo,
1395 2038 1533 2079 quem

266 2092 523 2147 principem
553 2093 697 2135 fuisse
726 2092 960 2146 quondam
979 2092 1071 2134 fori
1090 2106 1184 2134 non
1204 2092 1303 2133 erat
1322 2089 1533 2141 dubium,

266 2156 362 2208 alii,
390 2157 513 2210 quod
540 2157 789 2211 indignum
817 2157 1046 2207 videatur,
1075 2156 1294 2207 riderent,
1322 2154 1404 2197 alii
1431 2168 1532 2197 eru-

265 2221 527 2274 bescerent3
557 2236 674 2275 quae
705 2222 881 2264 occasio
910 2221 1003 2263 fuit
1033 2210 1244 2272 dicendis
1257 2219 1396 2261 malle
1425 2232 1532 2261 eum

232 2284 456 2334 4deficere
475 2300 615 2340 quam
644 2285 860 2328 desinere.
919 2286 1078 2338 Neque
1097 2286 1228 2327 erant
1247 2283 1330 2325 illa
1357 2282 1532 2336 qualia-

266 2363 463 2405 cumque
492 2350 630 2402 mala,
658 2350 737 2392 sed
766 2350 960 2394 minora.
1017 2349 1171 2407 Quare
1200 2350 1451 2404 antequam
1479 2346 1531 2391 in.
