1696 2638
467 189 589 226 INST.
620 191 829 226 ORATOR.
860 191 904 233 X,
936 193 966 233 1,
998 192 1117 228 66-70.
1374 194 1430 236 41

242 302 597 356 Tragoedias
638 304 816 357 primus
845 305 895 345 in
923 304 1074 346 lucem
1105 305 1487 359 Aeschylusao

161 367 372 422 protulit,
392 366 608 409 sublimis
627 370 673 410 et
693 369 852 422 gravis
872 370 918 411 et
941 369 1278 423 grandiloquus
1298 383 1431 424 saepe

163 445 306 486 usque
325 431 384 474 ad
404 432 590 484 vitium,
609 433 688 475 sed
716 433 846 475 rudis
866 434 916 475 in
945 434 1175 488 plerisque
1195 436 1240 476 et
1260 435 1431 477 incom-

160 497 363 551 positus3
402 499 591 551 propter
629 492 753 551 quod
782 501 1010 541 correctas
1039 499 1138 541 eius
1168 500 1353 542 fabulas
1380 501 1431 542 in

161 563 394 620 certamen
422 561 602 604 deferre
631 563 966 616 posterioribus
1000 564 1147 617 poetis
1175 564 1430 607 Athenien-

161 639 231 667 ses
250 626 574 679 permiserunt,
594 629 794 681 suntque
814 641 866 670 eo
885 628 1022 670 modo
1050 628 1190 670 multi
1209 630 1428 673 coronati.

162 689 250 733 Sed
268 690 406 744 longe
425 690 596 733 clarius
611 691 971 734 illustraverunt
989 693 1075 735 hoc
1091 707 1206 747 opus
1227 694 1256 736 S
1267 694 1375 748 oph
1385 708 1431 736 o-
1443 700 1487 734 67

93 758 96 760 ’
160 754 245 797 cle
255 769 277 797 s
306 757 445 809 atque
482 756 522 798 Ε
533 770 565 797 11
574 770 598 797 1·
607 756 624 798 1
634 757 691 810 pi
702 757 732 798 d
742 771 765 799 e
776 771 810 808 s,
840 771 1040 810 quorum
1077 758 1127 799 in
1157 758 1333 812 dispari
1363 759 1430 800 di-

160 819 293 862 cendi
326 820 406 862 via
437 822 543 863 uter
571 821 632 863 sit
670 824 806 875 poeta
839 822 1015 874 melior,
1044 824 1166 865 inter
1203 824 1430 878 plurimos

160 885 412 938 quaeritur.
470 885 615 939 quue
644 899 730 939 ego
750 900 872 939 sane,
891 888 1112 940 quoniam
1132 888 1191 929 ad
1220 902 1430 942 praesen-

159 951 256 992 tem
282 950 528 992 materiam
556 950 677 992 nihil
707 952 922 1005 pertinet,
951 952 1263 994 iniudicatum
1293 953 1430 995 relin-

159 1028 263 1068 quo.
320 1014 446 1057 Illud
482 1015 671 1068 quidem
708 1010 843 1059 nemo
875 1031 969 1059 non
1009 1018 1212 1060 fateatur
1249 1032 1430 1061 necesse

161 1082 243 1132 est,
261 1080 334 1132 iis,
353 1080 434 1133 qui
463 1094 510 1122 se
539 1080 598 1122 ad
626 1082 860 1135 agendum
888 1085 1172 1136 comparant,
1193 1083 1430 1125 utiliorem

159 1144 297 1198 longe
334 1145 435 1187 fore
472 1145 743 1200 Euripiden.
811 1147 1023 1200 Namque
1060 1147 1101 1188 is
1138 1149 1184 1188 et
1222 1155 1485 1189 sermone68

163 1204 304 1262 (quod
341 1209 497 1263 ipsum
534 1211 892 1265 reprehendunt,
929 1212 1100 1265 quibus
1138 1212 1348 1265 gravitas
1385 1214 1431 1254 et

160 1274 417 1317 cothurnus
450 1277 497 1317 et
529 1289 669 1317 sonus
702 1275 942 1329 Sophoclis
975 1276 1163 1318 videtur
1196 1289 1292 1318 esse
1325 1276 1430 1318 sub-

160 1339 334 1393 limior)
366 1340 518 1394 magis
547 1340 724 1383 accedit
752 1340 954 1382 oratorio
983 1341 1157 1394 generi,
1177 1343 1223 1382 et
1252 1343 1430 1383 senten-

159 1405 240 1447 tiis
270 1405 439 1447 densus
468 1406 515 1447 et
545 1405 595 1447 in
624 1406 696 1457 iis,
725 1419 843 1459 quae
876 1419 904 1447 a
936 1406 1224 1459 sapientibus
1257 1406 1431 1448 tradita

160 1472 283 1522 sunt,
301 1484 446 1524 paene
474 1469 588 1525 ipsis
617 1484 714 1524 par,
733 1473 779 1513 et
807 1470 1001 1512 dicendo
1030 1484 1083 1512 ac
1111 1470 1431 1524 respondendo

160 1534 353 1576 cuilibet
380 1548 554 1587 eorum,
582 1535 663 1589 qui
694 1535 886 1577 fuerunt
913 1535 965 1576 in
995 1535 1095 1577 foro
1115 1535 1291 1587 diserti,
1310 1549 1430 1578 com-

160 1599 418 1653 parandus;
457 1599 509 1641 in
537 1600 798 1642 adfectibus
826 1614 937 1642 vero
966 1614 1073 1642 cum
1101 1600 1319 1642 omnibus
1346 1600 1431 1642 mi-

159 1678 254 1716 rus,
285 1666 390 1706 tum
419 1664 471 1706 in
499 1664 572 1716 iis,
591 1665 672 1718 qui
703 1665 999 1707 miseratione
1030 1666 1258 1717 constant,
1291 1664 1430 1707 facile

160 1729 449 1783 praecipuus.

242 1794 383 1836 Hunc
411 1795 458 1836 et
485 1793 745 1837 admiratus
773 1795 976 1837 maxime
995 1796 1078 1846 est,
1098 1796 1152 1836 ut
1181 1808 1314 1848 saepe
1342 1796 1431 1836 tes·
1443 1806 1485 1840 69

160 1860 303 1910 tatur,
318 1860 364 1901 et
379 1872 486 1901 eum
506 1860 703 1910 secutus,
718 1873 1003 1913 quamquam
1017 1859 1068 1901 in
1083 1872 1218 1913 opere
1233 1858 1431 1910 diverso,

162 1923 485 1975 Menander,
514 1924 596 1977 qui
627 1924 702 1966 vel
730 1938 829 1965 unu
874 1938 1017 1994 meo
1016 1923 1214 1978 quidem
1244 1923 1431 1983 111111019,

160 1987 411 2042 diligenter
447 1989 607 2040 lectus,
644 1989 703 2030 ad
740 1938 1003 2040 cunsza,
942 2002 1071 2050 quae
1109 1979 1432 2043 praecipimus,

161 2053 399 2096 efficienda
435 2054 657 2104 sufficiat3
697 2054 764 2095 ita
786 2044 1036 2127 Qnem
1019 2054 1144 2108 vitae
1167 2053 1431 2110 imaginem

161 2118 399 2172 expressit,
414 2119 576 2160 tanta
565 2133 615 2160 m
634 2132 686 2160 eo
708 2118 975 2160 inveniendi
995 2118 1128 2173 copia
1147 2120 1193 2160 et
1219 2117 1432 2171 810011811-

161 2182 210 2224 (11
229 2182 444 2234 facultas,
463 2183 530 2225 ita
549 2185 617 2225 est
637 2183 854 2226 omnibus
873 2183 1025 2235 rebus,
1043 2183 1265 2237 personis,
1281 2182 1432 2224 adfec-

160 2247 290 2290 tibus
322 2248 706 2292 accommodatus.
775 2248 871 2291 Nec
904 2248 1026 2290 nihil
1065 2248 1274 2302 profecto
1306 2247 1432 2290 vide·
1445 2253 1487 2289 70

161 2313 288 2364 runt,
315 2312 396 2365 qui
425 2312 669 2364 orationes,
695 2327 813 2366 quae
843 2313 1047 2356 Charisii
1076 2313 1263 2354 nomine
1291 2311 1431 2354 edun-

161 2378 255 2429 tur,
272 2391 302 2419 a
320 2377 576 2420 Menandro
595 2378 791 2434 scriptas
810 2380 990 2435 putant.
1049 2378 1137 2421 Sed
1157 2377 1274 2420 mihi
1294 2377 1432 2435 longe
