1696 2638
223 159 318 201 ‘120
547 156 667 191 INST.
700 157 906 191 ORATOR.
939 157 1021 199 XII,
1053 157 1085 199 9,
1117 157 1191 192 1-4.

235 284 430 324 cmnque
458 272 637 324 agetur,
669 269 912 313 existimet.
980 269 1055 313 Sic
1087 283 1194 313 eum
1230 283 1337 313 raro
1366 269 1499 313 fallet

234 336 442 386 eventus,
460 337 543 376 aut
563 333 700 389 culpa
718 334 886 377 iudicis
905 334 1005 379 erit.

773 517 966 529 —

720 656 903 697 CAPUT
938 655 1015 696 IX.

632 781 766 821 QUAE
795 782 848 812 IN
875 780 1101 814 AGENDIS.

318 900 402 943 IX.
432 900 560 953 Quae
594 900 687 941 sint
724 899 782 940 in
819 899 1038 952 agendo
1077 898 1375 950 servanda,
1403 899 1503 941 toto

237 965 334 1007 fere
360 978 495 1018 opere
528 964 708 1006 executi
741 977 915 1014 sumus,
947 977 1096 1017 pauca
1127 965 1284 1005 tamen
1316 962 1503 1017 propria

236 1029 378 1071 huius
397 1029 501 1080 loci,
520 1042 637 1081 quae
656 1042 749 1069 non
767 1030 866 1069 tam
896 1027 1078 1069 dicendi
1111 1029 1209 1069 arte
1239 1041 1379 1080 quam
1410 1027 1503 1068 offi-

237 1094 320 1136 ciis
336 1094 515 1146 agentis
549 1093 858 1143 continentur,
878 1093 1121 1145 attingam.
1179 1092 1304 1133 Ante
1335 1091 1504 1142 omnia,

237 1172 308 1209 ne,
323 1157 446 1211 quod
465 1157 695 1211 plerisque
715 1157 896 1208 accidit,
912 1157 969 1198 ab
990 1156 1194 1198 utilitate
1214 1169 1320 1197 eum
1339 1169 1504 1197 causae

203 1222 492 1276 2praesentis
529 1221 697 1275 cupido
734 1221 886 1262 laudis
919 1221 1130 1262 abducat,
1189 1220 1311 1261 Nam
1343 1222 1397 1261 ut
1429 1233 1503 1272 ge-

238 1286 448 1329 rentibus
466 1285 588 1327 bella
607 1299 701 1327 non
722 1299 900 1339 semper
922 1285 1150 1327 exercitus
1180 1297 1261 1337 per
1290 1283 1430 1337 plana
1459 1285 1504 1325 et

239 1364 431 1393 amoena
468 1349 705 1391 ducendus
743 1351 824 1400 est,
863 1349 940 1391 sed
987 1349 1186 1391 adeundi
1232 1349 1505 1404 plerumque

239 1416 391 1470 asperi
428 1415 579 1465 colles,
617 1414 950 1468 expugnandae
990 1415 1203 1457 civitates
1249 1414 1505 1468 quamlibet

238 1480 457 1535 praecisis
503 1479 747 1532 impositae
786 1478 981 1532 rupibus
1020 1481 1102 1520 aut
1148 1493 1340 1533 operum
1385 1477 1505 1520 mole

240 1544 460 1594 difficiles,
497 1544 565 1584 ita
603 1542 750 1584 oratio
790 1542 1012 1596 gaudebit
1050 1543 1238 1596 quidem
1270 1543 1505 1585 occasione
1542 1563 1544 1565 ·

240 1609 407 1651 laetius
427 1607 700 1650 decurrendi
720 1609 765 1649 et
796 1621 942 1660 aequo
973 1621 1218 1661 congressa
1247 1621 1409 1662 campo
1438 1609 1506 1649 to-

206 1676 312 1721 stas
340 1674 463 1715 vires
500 1673 787 1727 populariter
818 1672 1091 1725 explicabit3
1120 1674 1169 1714 at
1207 1672 1246 1714 si
1274 1672 1390 1714 iuris
1428 1685 1507 1713 an-

241 1739 418 1780 fractus
438 1740 520 1779 aut
539 1737 766 1779 eruendae
782 1737 994 1778 veritatis
1014 1737 1216 1779 latebras
1231 1737 1359 1779 adire
1378 1750 1507 1790 coge-

240 1805 333 1854 tur,
352 1816 445 1843 non
464 1801 753 1854 obequitabit
776 1815 859 1843 nec
880 1801 974 1843 illis
995 1801 1290 1843 vibrantibus
1309 1801 1507 1843 concita-

240 1866 393 1918 tisque
440 1865 680 1907 sententiis
727 1865 857 1907 velut
910 1865 1165 1907 missilibus
1198 1862 1383 1916 utetur,
1429 1864 1507 1907 sed

241 1930 457 1984 operibus
473 1932 517 1971 et
537 1930 765 1972 cuniculis
785 1931 830 1971 et
849 1930 1033 1971 insidiis
1053 1932 1098 1972 et
1118 1929 1309 1972 occultis
1325 1930 1507 1971 artibus

207 2007 339 2041 4rem
359 1996 498 2047 geret.
548 1994 675 2047 Quae
696 1995 854 2036 omnia
868 2008 961 2035 non
977 1994 1088 2035 dum
1104 1994 1223 2036 fiunt
1242 1994 1508 2045 laudantur,

242 2059 321 2102 sed
358 2073 464 2101 cum
502 2059 627 2100 facta
666 2062 798 2112 sunt3
845 2059 968 2101 unde
1016 2059 1157 2100 etiam
1195 2058 1508 2113 cupidissimis

243 2123 473 2178 opinionis
499 2123 605 2177 plus
635 2123 818 2165 fructus
844 2124 984 2166 venit.
1042 2123 1163 2165 Nam
1193 2137 1300 2166 cum
1329 2123 1412 2165 illa
1441 2123 1508 2165 di-

243 2188 375 2231 cendi
395 2189 565 2230 vitiosa
584 2188 774 2229 iactatio
793 2188 915 2230 inter
934 2188 1170 2241 plausores
1191 2202 1298 2230 suos
1318 2187 1508 2230 detonu-

243 2253 295 2305 it,
314 2253 517 2306 resurgit
537 2266 672 2294 verae
697 2252 888 2293 virtutis
920 2252 1086 2293 fortior
1118 2253 1257 2303 fama,
1276 2266 1360 2295 noc
1389 2252 1508 2294 iudi-

243 2331 331 2369 ceS,
349 2331 377 2359 a
396 2331 487 2370 quo
518 2317 611 2358 sint
642 2317 771 2368 moti,
790 2316 1100 2367 dissimulant,
1121 2318 1166 2358 et
1199 2316 1346 2358 doctis
1366 2315 1507 2359 credi-
