1696 2638
412 222 417 228 .
470 190 591 226 [Ns'r.
622 190 830 226 ORATOR.
860 190 904 234 x,
937 193 967 234 1,
999 191 1160 227 122-127.
1395 192 1451 236 53

183 304 507 358 significantia.
565 306 834 358 Habebunt,
854 306 936 359 qui
955 308 1060 360 post
1079 319 1163 348 nos
1183 305 1239 348 de
1258 306 1451 348 oratori·
1464 312 1527 346 122

181 369 269 411 bus
289 370 504 422 scribent,
525 384 745 424 magnam
761 384 850 422 eos,
870 371 951 424 qui
970 384 1094 413 nunc
1114 371 1290 424 vigent,
1309 372 1450 413 mate-

181 434 300 475 riam
328 448 436 476 Vere
474 434 708 478 laudandi.
767 435 886 478 Sunt
919 436 1043 478 enim
1081 449 1264 478 summa
1299 435 1450 487 hodie,

181 499 351 551 quibus
381 498 677 541 inlustratur
693 499 863 551 forum,
893 500 1093 553 ingenia.
1161 500 1375 553 Namque
1404 502 1450 542 et

181 564 490 605 consummati
527 564 622 605 iam
660 565 846 618 patroni
875 565 1112 607 veteribus
1141 564 1450 616 aemulantur,

180 629 226 669 et
245 624 320 669 eos
339 628 563 670 iuvenum
579 628 638 670 ad
658 629 835 683 optima
853 629 1146 672 tendentium
1164 629 1379 670 imitatur
1397 642 1450 671 ac

180 693 390 745 sequitur
410 693 653 737 industria.

261 757 532 811 Supersunt,
551 759 632 812 qui
660 758 717 801 de
745 758 908 812 philo
919 773 940 801 s
951 773 977 801 o
987 758 1086 813 phi
1096 772 1124 800 a
1153 758 1450 812 scripserunt,
1463 766 1527 800 123

179 835 271 875 quo
298 823 349 863 in
377 836 542 875 genere
570 824 874 877 paucissimos
902 824 1053 866 adhuc
1082 823 1347 876 eloquentes
1374 822 1450 864 lit-

178 888 303 929 terae
334 888 569 930 Romanae
601 888 824 931 tulerunt.
883 888 1013 931 Idem
1050 889 1199 942 igitur
1230 888 1290 930 M.
1323 887 1449 929 Tul-

178 951 264 993 liu
275 966 309 1003 s,
342 952 423 1005 qui
460 953 648 1006 ubique,
676 953 818 995 etiam
855 953 906 994 in
942 953 1029 995 hoc
1066 966 1202 1007 opere
1239 952 1449 994 Platonis

179 1016 389 1059 aemulus
418 1017 585 1060 extitit.
644 1016 875 1071 Egregius
898 1031 1010 1060 vero
1037 1017 1280 1070 multoque
1308 1030 1449 1070 quam

178 1081 229 1122 in
248 1082 536 1123 orationibus
555 1083 866 1135 praestantior
886 1083 1104 1124 Brutus
1124 1082 1309 1124 suffecit
1337 1096 1450 1136 pon-

178 1145 277 1188 deri
295 1160 473 1198 rerum;
500 1147 617 1188 scias
637 1160 743 1189 eum
759 1148 929 1190 sentire
949 1162 1066 1201 quae
1081 1147 1207 1190 dicit.
1255 1147 1450 1201 Scripsit
1463 1158 1528 1192 124

178 1209 272 1253 non
309 1226 475 1265 parum
503 1211 654 1253 multa
683 1211 994 1255 Cornelius
1023 1211 1239 1263 Celsus,
1268 1212 1449 1255 Sextios

179 1278 376 1327 secutus,
404 1290 498 1318 non
527 1277 625 1319 sine
653 1277 785 1319 cultu
814 1291 867 1320 ac
895 1278 1058 1320 nitore.
1123 1277 1371 1320 Plautus
1399 1277 1449 1319 in

179 1341 345 1384 Stoicis
382 1355 539 1383 rerum
577 1343 836 1395 cognitioni
881 1343 1027 1385 utilis.
1103 1343 1159 1384 In
1206 1342 1449 1396 Epicureis

177 1405 295 1448 levis
327 1406 528 1459 quidem,
557 1406 636 1449 sed
668 1421 762 1449 non
790 1407 1073 1450 iniucundus
1100 1409 1259 1449 tamen
1287 1400 1453 1449 auctor

178 1473 247 1513 est
278 1471 494 1514 Catius.
551 1472 624 1513 Ex
654 1472 888 1514 industria
925 1472 1195 1515 Senecam
1231 1472 1283 1514 in
1319 1472 1447 1514 omni
1462 1482 1525 1516 125

177 1549 344 1589 genere
363 1535 650 1589 eloquentiae
670 1537 834 1579 distuli
856 1540 1045 1591 propter
1064 1537 1309 1590 vulgatam
1328 1537 1448 1579 falso

177 1600 234 1642 de
261 1614 335 1642 me
365 1600 644 1653 opinionem,
663 1615 756 1655 qua
785 1601 1006 1643 damnare
1037 1615 1144 1644 eum
1164 1603 1210 1643 et
1239 1601 1448 1643 invisum

177 1678 359 1718 quoque
379 1665 547 1707 habere
568 1679 671 1708 sum
691 1666 906 1709 creditus.
965 1666 1100 1720 Quod
1128 1666 1297 1708 accidit
1315 1666 1447 1717 mihi,

178 1729 291 1771 dum
310 1732 582 1783 corruptum
597 1732 642 1772 et
662 1731 879 1772 omnibus
894 1731 1026 1772 vitiis
1045 1731 1249 1772 fractum
1264 1730 1447 1772 dicendi

178 1808 324 1847 genus
361 1808 577 1837 revocare
617 1795 676 1837 ad
714 1795 946 1837 severiora
983 1794 1159 1837 iudicia
1205 1795 1444 1838 contendo.

178 1859 299 1900 Tum
327 1861 484 1901 autem
503 1859 628 1901 solus
647 1859 724 1902 hic
744 1860 841 1902 fere
869 1860 1164 1918 inmanibus
1184 1856 1447 1910 adffles'fieu-
1462 1875 1524 1909 126

178 1924 299 1965 tium
327 1924 433 1967 fuit.
491 1924 640 1978 Quem
667 1938 762 1966 non
787 1924 1000 1978 equidem
1029 1924 1219 1967 omnino
1247 1925 1448 1966 conabar

179 1990 404 2040 excutere,
433 1989 512 2031 sed
540 1989 801 2043 potioribus
838 1990 1066 2044 praeferri
1102 2003 1196 2031 non
1225 1989 1448 2041 sinebam,

179 2067 294 2107 quos
331 2052 410 2096 ille
446 2067 541 2096 non
578 2052 820 2096 destiterat
857 2054 1096 2110 incessere,
1124 2067 1258 2105 cum„
1274 2053 1448 2096 diversi

134 2133 136 2136 ·
172 2118 269 2175 s—ibj
282 2119 513 2177 conscius
529 2116 733 2180 genegs',
744 2118 924 2172 placere
953 2133 1000 2161 se
1025 2120 1075 2161 in
1104 2118 1298 2161 dicendo
1319 2132 1448 2173 posse

179 2183 252 2234 iis,
264 2183 434 2236 quibus
449 2158 738 2241 illfflffdent,
750 2183 988 2227 diffideret.
1037 2184 1276 2226 Amabant
1291 2185 1448 2226 autem

180 2261 287 2289 eum
314 2249 465 2301 magis
493 2243 634 2302 quam
662 2248 971 2290 imitabantur
1003 2250 1280 2302 tantumque
1308 2248 1367 2290 ab
1395 2261 1448 2290 eo

180 2311 456 2364 defluebant,
475 2315 704 2366 quantum
731 2312 812 2357 ille
834 2313 893 2355 ab
913 2314 1119 2367 antiquis
1139 2313 1447 2356 descenderat.

129 2375 132 2378 ⁴
181 2375 320 2418 Foret
340 2377 464 2418 enim
484 2377 754 2432 optandum,
772 2391 906 2432 pares
925 2380 1009 2420 aut
1029 2378 1194 2420 saltem
1216 2378 1450 2432 proximos
1463 2387 1528 2423 127
