1696 2638
260 158 315 199 80
568 153 689 189 INST.
722 153 928 188 ORATOR.
960 153 1003 195 X,
1036 154 1066 195 7,
1098 153 1215 188 11-15.

259 282 353 310 non
371 267 526 309 minus
554 269 800 321 prospectu
819 266 1120 320 procedamus
1140 279 1280 318 quam
1300 263 1464 319 gradu,
1482 264 1522 308 si

259 346 354 374 non
381 331 717 374 intersistentes
747 330 1116 383 offensantesque
1154 329 1317 371 brevia
1344 329 1427 371 illa
1455 331 1522 371 at-

259 410 347 450 que
367 396 550 438 concisa
570 395 933 449 singultantium
951 394 1088 436 modo
1109 393 1301 436 eiecturi
1322 407 1493 437 sumus.

205 463 245 495 11
340 461 426 503 Est
463 461 611 513 igitur
647 473 760 501 usus
807 458 997 512 quidam
1042 457 1349 509 inrationalis,
1386 471 1522 511 quem

261 525 427 568 Graeci
457 526 600 578 ἄλογον
633 523 773 575 τριβήν
802 524 985 574 vocant,
1008 536 1100 575 qua
1132 535 1300 563 manus
1333 522 1384 563 in
1416 521 1523 563 scri-

259 589 409 631 bendo
429 589 650 639 decurrit,
669 601 761 641 qua
781 587 903 629 oculi
932 589 1054 628 totos
1083 586 1222 628 simul
1250 587 1301 627 in
1328 586 1524 642 lectione

261 667 422 696 versus
442 653 678 705 flexusque
698 665 856 694 eorum
877 653 922 693 et
951 651 1177 693 transitus
1205 651 1460 702 intuentur,
1479 652 1525 692 et

262 720 368 760 ante
415 717 653 770 sequentia
699 716 860 758 vident
907 729 1047 768 quam
1093 715 1249 769 priora
1295 715 1524 757 dixerunt.

263 783 365 837 Quo
386 783 599 824 constant
618 780 844 823 miracula
863 780 945 822 illa
970 781 1021 821 in
1049 780 1224 822 scaenis
1251 779 1525 833 pilariorum

263 861 315 889 ac
346 846 694 897 ventilatorum,
712 847 767 887 ut
798 859 851 887 ea
881 858 999 898 quae
1029 845 1267 887 emiserint
1297 843 1422 885 ultro
1452 857 1526 885 ve-

262 913 363 954 nire
382 912 433 952 in
457 924 625 952 manus
653 909 811 952 credas
840 911 885 951 et
913 923 1005 962 qua
1033 909 1254 950 iubentur
1274 908 1526 950 decurrere.

208 981 250 1015 12
264 976 351 1020 Sed
370 976 446 1017 hic
466 988 578 1017 usus
597 975 665 1016 ita
695 974 913 1028 proderit,
934 974 973 1015 si
1003 987 1057 1015 ea
1076 973 1132 1015 de
1151 986 1243 1026 qua
1275 972 1421 1014 locuti
1452 985 1525 1014 su-

263 1054 368 1082 mus
393 1054 468 1082 ars
499 1039 808 1090 antecesserit,
826 1041 881 1080 ut
911 1039 1066 1092 ipsum
1096 1038 1228 1089 illud,
1248 1037 1371 1090 quod
1400 1036 1451 1078 in
1482 1050 1529 1079 se

263 1106 491 1147 rationem
521 1118 614 1146 non
651 1104 805 1155 habet,
835 1104 885 1145 in
915 1103 1095 1145 ratione
1126 1104 1348 1144 versetur.
1407 1101 1529 1143 Nam

223 1180 226 1184 ·
263 1170 381 1211 mihi
404 1183 460 1211 ne
481 1169 631 1211 dicere
652 1168 839 1221 quidem
859 1168 1046 1210 videtur
1066 1167 1157 1209 nisi
1186 1167 1267 1220 qui
1295 1166 1530 1220 disposite,

210 1246 251 1279 13
265 1236 438 1285 ornate,
459 1233 640 1287 copiose
660 1233 788 1283 dicit,
809 1232 886 1274 sed
915 1232 1208 1274 tumultuari.
1267 1231 1362 1273 Nec
1382 1231 1530 1272 fortu-

264 1299 321 1340 iti
352 1299 576 1341 sermonis
607 1300 872 1340 contextum
902 1297 1107 1338 mirabor
1137 1310 1373 1349 umquam,
1393 1309 1529 1348 quem

265 1363 563 1416 iurgantibus
588 1362 729 1404 etiam
757 1361 1044 1403 mulierculis
1074 1360 1352 1414 superfluere
1371 1359 1530 1412 Vide03

266 1441 372 1470 cum
392 1441 444 1469 eo
459 1426 601 1480 quod,
622 1426 661 1468 si
681 1426 806 1468 calor
825 1440 878 1467 ac
908 1426 1100 1479 spiritus
1119 1425 1244 1476 tulit,
1264 1425 1529 1477 frequenter

266 1491 447 1543 accidit,
494 1492 548 1532 ut
596 1504 858 1532 successum
908 1489 1266 1543 extemporalem
1313 1487 1528 1541 consequi

212 1573 255 1608 14
267 1570 378 1598 cura
414 1570 508 1597 non
541 1555 697 1609 possit.
766 1555 916 1597 Deum
953 1556 1066 1596 tunc
1097 1553 1315 1604 adfuisse,
1346 1567 1452 1594 cum
1482 1552 1531 1594 id

267 1621 506 1672 evenisset,
527 1622 704 1662 veteres
738 1621 954 1670 oratores,
973 1620 1027 1660 ut
1058 1617 1218 1661 Cicero
1252 1617 1379 1668 dicit,
1398 1616 1530 1658 dicti-

266 1685 442 1727 tabant.
501 1684 588 1727 Sed
610 1685 731 1726 ratio
751 1683 1000 1725 manifesta
1019 1684 1098 1725 est.
1156 1682 1278 1724 Nam
1297 1682 1412 1723 bene
1427 1695 1531 1723 con-

267 1750 388 1804 cepti
420 1749 631 1791 adfectus
665 1750 710 1790 et
742 1750 946 1790 recentes
979 1760 1135 1789 rerum
1167 1746 1395 1799 imagines
1428 1759 1532 1787 con-

266 1814 400 1856 tinuo
418 1815 597 1868 impetu
626 1814 857 1864 feruntur,
878 1825 994 1866 quae
1023 1824 1375 1864 nonnumquam
1402 1823 1533 1851 mora

268 1878 365 1920 stili
411 1874 722 1931 refrigescunt
769 1879 814 1919 et
861 1876 1033 1918 dilatae
1079 1890 1173 1917 non
1219 1876 1530 1917 revertuntur.

268 1942 442 1995 Utique
461 1956 584 1993 vero,
604 1956 711 1984 cum
729 1941 896 1983 infelix
924 1941 1007 1982 illa
1026 1940 1273 1982 verborum
1295 1938 1532 1981 cavillatio

268 2007 458 2049 accessit
477 2009 522 2049 et
542 2020 704 2048 cursus
724 2006 779 2048 ad
811 1997 997 2058 singula
1016 2004 1216 2057 vestigia
1235 2003 1420 2054 restitit,
1439 2017 1532 2044 non

267 2074 418 2126 potest
455 2071 568 2113 ferri
602 2072 813 2113 contorta
841 2070 927 2121 vis,
956 2069 1048 2121 sed,
1075 2071 1129 2110 ut
1162 2068 1335 2123 optime
1364 2081 1532 2109 vocum

270 2135 561 2190 singularum
582 2135 713 2177 cedat
733 2134 909 2186 electio,
929 2148 1021 2176 non
1051 2134 1286 2184 continua,
1306 2131 1384 2174 sed
1413 2145 1532 2174 comae

269 2201 420 2254 posita
439 2202 518 2242 est.
1104 2201 1107 2203 ’

221 2272 257 2307 [5
351 2265 503 2318 Quare
523 2263 770 2317 capiendae
791 2265 899 2304 sunt
919 2262 1040 2313 illae,
1060 2262 1115 2304 de
1136 2262 1306 2315 quibus
1327 2260 1439 2311 dixi,
1458 2273 1533 2302 re-

269 2342 392 2370 rum
421 2328 718 2380 imagines,
747 2341 861 2380 quas
880 2326 1038 2368 vocari
1067 2326 1285 2387 φαντᾳσίας
1311 2323 1532 2366 indicavi-
