1696 2638
235 148 319 190 146
505 146 626 182 msr.
659 148 866 183 ORATOR.
898 148 981 191 ΧΠ,
1014 150 1066 192 11,
1097 150 1216 187 18-21.

233 256 375 301 limus
407 258 573 314 legere,
604 273 702 312 nec,
734 261 860 314 quod
891 275 949 304 ne
982 262 1082 304 fieri
1115 262 1303 316 quidem
1335 265 1502 318 potest,

234 323 402 368 omnia.
460 324 547 367 Sed
583 324 724 367 breve
761 325 895 367 nobis
932 327 1116 381 tempus
1156 340 1240 369 nos
1277 327 1502 382 facimus3

179 395 222 430 18
233 388 515 442 quantulum
531 389 659 431 enim
679 389 848 432 studiis
876 391 1145 444 partimur?
1199 392 1335 435 Alias
1362 393 1501 436 horas

233 466 384 495 vanus
404 453 640 495 salutandi
658 453 804 506 labor,
823 454 939 497 alias
958 455 1122 498 datum
1141 457 1318 499 fabulis
1338 458 1502 509 otium,

233 517 349 559 alias
380 517 655 572 spectacula,
685 518 801 561 alias
831 520 1049 562 convivia
1078 521 1285 564 trahunt.
1353 522 1501 564 Adice

232 584 303 624 tot
340 596 510 635 genera
545 582 739 625 ludendi
767 585 813 626 et
849 584 1064 626 insanam
1092 587 1297 640 corporis
1326 600 1501 638 curam,

232 647 640 701 peregrinationes,
658 661 783 700 rura,
813 648 1097 691 calculorum
1117 651 1305 693 anxiam
1334 650 1500 694 sollici-

232 710 457 763 tudinem,
503 711 814 755 invitamenta
849 712 1103 756 libidinum
1149 717 1195 756 et
1241 715 1407 757 vinum
1453 718 1500 758 et

232 774 481 828 flagrantes
510 777 637 818 omni
666 790 831 830 genere
861 777 1162 832 voluptatum
1191 779 1394 823 animos:
1441 794 1500 823 ne

177 847 220 882 19
232 852 286 882 ea
305 839 493 893 quidem
511 842 722 895 tempora
736 841 915 894 idonea,
929 856 1047 896 quae
1063 846 1323 897 supersunt.
1371 844 1501 899 Quae

232 904 273 946 si
291 904 448 946 omnia
467 905 636 947 studiis
666 906 1057 960 impenderentur,
1075 908 1171 950 iam
1198 909 1333 951 nobis
1359 908 1501 963 longa

231 970 359 1011 aetas
378 971 424 1011 et
443 969 627 1012 abunde
648 970 762 1012 satis
782 970 841 1012 ad
870 970 1142 1014 discendum
1162 973 1303 1027 spatii
1323 973 1500 1016 videre-

231 1034 311 1075 tur
338 1033 413 1076 vel
442 1033 612 1076 diurna
640 1036 826 1077 tantum
855 1037 1236 1090 computantibus
1264 1039 1476 1091 tempora
1488 1054 1499 1092 ;

231 1099 286 1140 ut
314 1097 435 1140 nihil
464 1100 635 1151 noctes,
660 1113 860 1152 quarum
890 1100 1012 1143 bona
1041 1115 1149 1155 pars
1182 1102 1310 1144 omni
1340 1116 1500 1145 somno

230 1160 414 1216 longior
441 1164 523 1214 est,
552 1162 841 1207 adiuvarent.
899 1165 1036 1207 Nunc
1069 1168 1394 1221 computamus
1422 1181 1500 1209 an-

231 1239 328 1278 nos,
346 1240 441 1268 non
470 1227 641 1280 quibus
670 1228 951 1281 studuimus,
981 1229 1059 1272 sed
1089 1230 1260 1284 quibus
1280 1230 1498 1274 viximus.

174 1297 219 1332 20
232 1291 327 1333 Nec
356 1305 467 1334 vero
495 1292 534 1334 si
563 1295 824 1346 geometrae
853 1295 898 1335 et
926 1294 1093 1336 musici
1122 1297 1168 1337 et
1205 1296 1501 1348 grammatici

231 1357 579 1410 ceterarumque
617 1357 792 1399 artium
829 1358 1112 1412 professores
1150 1373 1334 1402 omnem
1367 1374 1500 1402 suam

230 1420 394 1472 vitam,
413 1420 671 1474 quamlibet
689 1421 831 1476 longa
850 1422 1009 1474 fuerit,
1028 1423 1079 1465 in
1100 1424 1299 1478 singulis
1319 1424 1500 1467 artibus

230 1487 630 1539 consumpserunt,
650 1487 861 1539 sequitur
880 1489 935 1528 ut
962 1487 1113 1541 pluris
1132 1488 1358 1542 quasdam
1377 1489 1501 1532 vitas

230 1549 290 1592 ad
309 1549 446 1605 plura
465 1550 683 1592 discenda
705 1550 1029 1595 desideremus.
1086 1553 1247 1606 Neque
1275 1554 1400 1596 enim
1428 1553 1500 1596 illi

231 1613 495 1657 didicerunt
522 1614 635 1657 haec
654 1628 801 1669 usque
828 1615 879 1657 in
908 1618 1204 1669 senectutem,
1224 1617 1303 1660 sed
1331 1632 1385 1660 ea
1403 1618 1502 1661 sola

231 1678 445 1722 didicisse
483 1679 689 1722 contenti
728 1679 922 1722 fuerunt
959 1694 1012 1723 ac
1041 1683 1112 1723 tot
1149 1695 1295 1724 annos
1325 1696 1419 1725 non
1450 1683 1502 1725 in

230 1743 524 1798 percipiendo
543 1744 871 1796 exhauserunt,
891 1745 970 1787 sed
989 1746 1039 1787 in
1057 1747 1392 1801 praecipiendo.

174 1822 216 1857 21
312 1808 543 1860 Ceterum,
562 1810 616 1850 ut
635 1809 691 1851 de
711 1809 915 1852 Homero
934 1812 1126 1862 taceam,
1140 1811 1191 1852 in
1211 1825 1302 1865 quo
1322 1812 1501 1855 nullius

230 1886 324 1915 non
343 1873 458 1915 artis
477 1875 561 1915 aut
589 1887 728 1928 opera
755 1874 963 1928 perfecta
981 1877 1064 1917 aut
1092 1877 1215 1918 certe
1242 1890 1337 1919 non
1356 1877 1501 1919 dubia

230 1937 431 1991 vestigia
448 1938 768 1992 reperiuntur:
797 1941 853 1981 ut
881 1939 1049 1982 Eleum
1077 1940 1304 1995 Hippiam
1326 1943 1501 1984 transe-

230 2015 320 2054 am,
339 2002 420 2055 qui
440 2016 534 2044 non
552 2002 819 2045 liberalium
838 2003 975 2046 modo
1004 2003 1361 2058 disciplinarum
1389 2019 1501 2059 prae

230 2078 278 2109 se
297 2066 539 2109 scientiam
557 2066 683 2118 tulit,
703 2067 782 2109 sed
801 2069 978 2110 vestem
997 2070 1042 2110 et
1062 2068 1257 2110 anulum
1273 2069 1500 2123 crepidas·

230 2144 333 2185 que,
353 2144 470 2184 quae
489 2131 646 2173 omnia
664 2146 807 2174 manu
828 2146 912 2174 sua
932 2132 1118 2184 fecerat,
1137 2132 1188 2174 in
1207 2147 1297 2176 usu
1316 2133 1500 2186 habuit,

231 2197 370 2249 atque
392 2195 460 2237 ita
480 2209 526 2237 se
557 2196 869 2249 praeparavit,
887 2211 946 2239 ne
976 2197 1109 2239 cuius
1139 2197 1334 2240 alterius
1364 2211 1500 2252 opere

231 2261 407 2313 egeret:
436 2259 654 2302 inlusisse
673 2262 744 2302 tot
763 2260 916 2312 malis,
936 2263 1050 2315 quot
1078 2275 1261 2304 summa
1290 2264 1501 2305 senectus

230 2322 386 2376 habet,
416 2324 663 2366 universae
705 2324 929 2368 Graeciae
974 2326 1222 2378 credimus,
1259 2326 1502 2382 Gorgiam,
