1696 2638
263 178 321 223 62
598 178 720 215 INST.
751 179 958 214 ORATOR.
989 179 1032 222 X,
1063 181 1094 222 3,
1117 180 1193 217 3-7.

229 290 406 334 Sverba
424 290 474 333 in
499 290 643 333 labris
663 292 910 335 nascentia.
969 292 1071 334 Illic
1092 292 1282 344 rad-ces,
1300 292 1399 335 illic
1421 293 1525 336 fun-

262 354 479 398 damenta
510 359 631 407 sunt,
650 356 747 398 illic
778 370 885 410 opes
911 357 1040 399 velut
1072 357 1297 399 sanctiore
1327 358 1527 411 quodam

262 420 440 462 aerario
470 420 693 472 conditae,
723 421 845 463 unde
873 421 932 462 ad
965 421 1142 463 subitos
1172 435 1353 475 quoque
1382 436 1527 474 casus,

262 497 369 526 cum
414 498 486 527 res
534 485 699 538 exiget,
740 486 1049 539 proferantur.
1125 486 1262 528 Vires
1300 486 1526 530 faciamus

262 550 368 591 ante
392 549 560 600 omnia,
580 563 697 602 quae
718 550 946 592 sufficiant
976 550 1126 592 labori
1156 551 1462 593 certaminum
1481 554 1527 594 et

226 616 350 654 4usu
382 628 476 655 non
509 614 856 658 exhauriantur.
915 615 1047 657 Nihil
1082 615 1204 657 enim
1237 630 1393 658 rerum
1425 617 1527 671 ipsa

261 679 430 719 natura
460 678 611 720 voluit
641 693 865 732 magnum
896 679 1012 721 effici
1043 679 1134 721 cito
1170 681 1527 734 praeposuitque

260 742 574 797 pulcherrimo
630 743 795 796 cuique
847 744 973 798 operi
1025 744 1358 796 difficultatem,
1408 759 1527 799 quae

260 807 478 849 nascendi
511 821 692 861 quoque
724 808 845 850 hanc
875 808 1037 849 fecerit
1070 808 1232 862 legem,
1265 811 1318 851 ut
1349 810 1526 852 maiora

261 870 482 912 animalia
515 871 692 913 diutius
716 871 971 914 visceribus
1003 873 1208 926 parentis
1242 873 1526 916 contineren-

260 936 351 977 tur.
409 935 496 978 Sed
535 949 641 977 cum
680 936 740 978 sit
780 936 950 990 duplex
988 937 1209 989 quaestio,
1247 938 1526 990 quomodo

261 1001 315 1042 et
347 1014 488 1053 quae
518 1000 719 1042 maxime
741 1001 881 1043 scribi
911 1003 1134 1055 oporteat,
1153 1001 1247 1043 iam
1276 1001 1386 1044 hinc
1406 1002 1526 1044 ordi-

260 1077 366 1106 nem
387 1078 562 1117 sequar.

226 1138 248 1172 5
341 1129 411 1172 Sit
453 1129 604 1183 primo
646 1129 721 1171 vel
767 1130 929 1172 tardus
976 1130 1088 1172 dum
1131 1130 1330 1184 diligens
1374 1131 1523 1183 stilus,

260 1208 536 1247 quaeramus
569 1194 745 1248 optima
777 1209 860 1237 nec
896 1195 1110 1249 protinus
1143 1196 1444 1238 offerentibus
1478 1210 1525 1239 se

259 1259 557 1313 gaudeamus,
596 1259 872 1301 adhibeatur
909 1259 1135 1301 iudicium
1180 1260 1398 1312 inventis,
1435 1261 1525 1303 dis-

258 1323 427 1378 positio
464 1323 682 1377 probatiS.
752 1324 967 1366 Delectus
1004 1325 1128 1366 enim
1171 1338 1327 1366 rerum
1364 1325 1525 1367 verbo-

259 1402 454 1442 rumque
485 1388 691 1442 agendus
721 1390 790 1430 est
820 1391 865 1431 et
895 1389 1098 1442 pondera
1128 1389 1419 1442 singulorum
1449 1403 1525 1431 ex-

259 1453 519 1496 aminanda.
578 1454 689 1495 Post
717 1454 878 1495 subeat
903 1454 1023 1495 ratio
1050 1453 1319 1495 conlocandi
1342 1467 1524 1496 versen-

258 1519 427 1571 turque
460 1518 586 1559 omni
619 1518 755 1559 modo
794 1518 988 1569 numeri,
1018 1531 1111 1559 non
1144 1520 1198 1559 ut
1230 1518 1443 1571 quodque
1476 1532 1524 1561 se

225 1583 462 1636 eproferet
492 1583 688 1624 verbum
727 1584 917 1636 occupet
954 1582 1119 1625 locum.
1178 1582 1306 1636 Quae
1336 1582 1523 1635 quidem

258 1649 312 1688 ut
367 1647 637 1701 diligentius
693 1661 988 1700 exequamur,
1038 1646 1286 1700 repetenda
1341 1647 1523 1700 saepius

258 1713 395 1753 erunt
444 1711 722 1765 scriptorum
773 1711 995 1765 proxima.
1070 1711 1192 1752 Nam
1243 1712 1424 1764 praeter
1474 1710 1523 1752 id

258 1776 381 1829 quod
415 1776 479 1817 sic
512 1776 678 1817 melius
711 1775 972 1829 iunguntur
1004 1775 1238 1829 prioribus
1272 1774 1524 1828 sequentia,

258 1839 383 1881 calor
402 1853 583 1893 quoque
605 1840 684 1882 ille
704 1840 1011 1893 cogitationis,
1031 1839 1112 1892 qui
1138 1839 1367 1881 scribendi
1392 1852 1523 1881 mora

258 1904 456 1955 refrixit,
476 1904 640 1958 recipit
672 1918 727 1946 ex
757 1905 939 1958 integro
959 1905 1082 1947 vires
1102 1906 1147 1946 et
1166 1903 1296 1946 velut
1325 1903 1522 1957 repetito

259 1967 408 2023 spatio
429 1969 571 2010 sumit
590 1968 840 2022 impetum3
860 1969 983 2022 quod
998 1969 1047 2010 in
1063 1968 1311 2011 certamine
1327 1967 1518 2010 saliendi

258 2033 358 2075 fieri
388 2033 614 2085 videmus,
643 2035 697 2075 ut
727 2035 943 2075 conatum
974 2033 1159 2086 longius
1196 2034 1357 2086 petant
1387 2034 1433 2074 et
1462 2031 1522 2073 ad

257 2097 389 2149 illud,
419 2112 510 2151 quo
540 2098 847 2148 contenditur,
878 2097 1080 2151 spatium
1110 2110 1249 2139 cursu
1286 2097 1522 2147 ferantur3

258 2164 400 2215 utque
419 2162 469 2203 in
488 2162 731 2203 iaculando
751 2162 942 2203 brachia
961 2161 1223 2203 reducimus
1243 2162 1288 2202 et
1307 2160 1522 2214 expulsu-

224 2227 300 2269 7ri
319 2226 412 2268 tela
431 2237 596 2268 nervos
616 2229 739 2268 retro
768 2226 1012 2268 tendimus.
1071 2225 1264 2268 Interim
1292 2227 1462 2276 tamen,
1481 2224 1522 2266 si

258 2291 376 2332 feret
396 2290 547 2342 flatus,
567 2290 718 2332 danda
738 2292 846 2332 sunt
866 2290 982 2341 vela,
997 2290 1108 2331 dum
1128 2303 1211 2331 nos
1230 2289 1521 2343 indulgentia

257 2354 335 2398 illa
375 2368 463 2396 non
494 2355 653 2397 fallat:
682 2355 837 2398 omnia
857 2355 980 2398 enim
1000 2356 1171 2404 nostra,
1191 2354 1303 2396 dum
1328 2367 1520 2397 nascun-
