1696 2638
267 182 321 224 66
580 181 699 216 INST.
732 181 938 216 ORATOR.
970 182 1014 224 X,
1045 183 1076 223 3,
1107 183 1225 218 22-26,

266 306 367 335 nec
414 292 692 348 pluteum,
733 294 902 347 inquit,
942 294 1136 337 caedit
1179 309 1278 338 1166
1322 295 1533 339 demor—

347 371 436 400 sos
468 358 623 413 sapit
652 359 882 412 unguis,

209 453 253 488 22
267 446 408 488 etiam
438 444 639 487 ridicula
669 447 791 497 sunt,
810 446 901 488 nisi
921 460 1028 488 cum
1048 447 1135 489 soli
1166 461 1337 491 sumus,
1394 448 1533 491 Deni-

266 525 355 565 que
392 513 446 552 ut
485 509 626 552 semel
664 510 788 563 quod
837 512 905 552 est
952 511 1329 565 potentissimum
1366 512 1532 565 dicam,

267 578 493 618 secretum
512 575 564 616 in
584 573 803 616 dictando
821 574 955 628 perit.
1012 576 1169 629 Atque
1192 576 1392 618 liberum
1412 577 1532 618 arbi-

266 641 352 682 tris
389 640 542 682 locum
577 642 622 682 et
662 653 804 693 quam
837 639 1119 681 altissimum
1152 640 1391 682 silentium
1424 641 1531 683 scri·
1571 695 1574 698 .

266 706 484 748 bentibus
530 705 732 747 maxime
772 704 1017 746 convenire
1058 718 1193 746 nemo
1231 705 1530 749 dubitaverit.

268 770 374 811 Non
392 771 548 810 tamen
570 769 785 823 protinus
806 768 1039 820 audiendi,
1058 768 1140 822 qui
1169 769 1364 811 credunt
1392 770 1532 824 aptis-

267 833 385 876 sima
421 833 472 875 in
508 833 595 875 hoc
633 847 823 875 nemora
859 832 1105 886 silvasque,
1139 833 1263 886 quod
1299 833 1383 875 illa
1415 833 1531 876 caeli

266 898 458 941 libertas
503 898 802 952 locorumque
851 898 1106 940 amoenitas
1145 898 1393 941 sublimem
1434 899 1532 941 ani·

210 970 253 1004 23
266 977 397 1004 mum
417 964 462 1005 et
491 962 745 1005 beatiorem
776 963 994 1016 spiritum
1025 965 1202 1016 parent.
1259 963 1379 1005 Mihi
1409 966 1532 1006 certe

265 1027 498 1069 iucundus
535 1027 612 1068 hic
648 1027 800 1080 magis
837 1041 978 1080 quam
1017 1027 1280 1069 studiorum
1319 1027 1532 1070 hortator

266 1091 454 1134 videtur
491 1105 586 1133 esse
626 1105 838 1134 secessus.
896 1092 1109 1145 Namque
1146 1091 1243 1143 illa,
1275 1106 1393 1145 quae
1430 1092 1532 1147 ipsa

266 1156 510 1207 delectant,
526 1169 706 1198 11666666
726 1158 794 1198 661
814 1158 1009 1198 avocent
1029 1156 1088 1198 ab
1102 1156 1360 1198 intentione
1380 1157 1532 1210 operis

266 1221 497 1264 destinati.
555 1221 715 1274 Neque
746 1221 870 1263 enim
893 1235 940 1263 se
969 1221 1092 1263 bona
1111 1221 1200 1263 fide
1223 1221 1273 1262 in
1303 1221 1454 1263 multa
1473 1222 1531 1264 si-

265 1285 365 1327 mul
394 1285 633 1327 intendere
664 1285 849 1327 animus
868 1287 1021 1326 totum
1051 1287 1216 1339 potest,
1236 1287 1282 1327 et
1312 1299 1531 1339 quocum-

265 1364 354 1404 que
397 1350 612 1404 respexit,
648 1350 818 1391 desinit
858 1350 1032 1392 intueri
1073 1350 1198 1403 quod
1238 1351 1531 1404 propositum

208 1417 375 1457 24erat.
447 1414 600 1468 Quare
638 1414 866 1455 silvarum
904 1414 1160 1456 amoenitas
1199 1416 1245 1456 et
1282 1414 1530 1468 praeterla-

264 1479 423 1521 bentia
469 1478 664 1520 flumina
710 1480 755 1520 et
801 1479 1082 1532 inspirantes
1129 1479 1272 1520 ramis
1310 1479 1531 1521 arborum

265 1557 406 1585 aurae
431 1543 766 1596 volucrumque
801 1545 966 1585 cantus
1000 1545 1045 1585 et
1078 1543 1180 1597 ipsa
1212 1543 1306 1586 late
1336 1543 1530 1586 circum-

265 1607 489 1662 spiciendi
514 1607 705 1649 libertas
725 1607 784 1649 ad
815 1621 861 1649 se
892 1607 1113 1660 trahunt3
1141 1609 1196 1649 ut
1225 1607 1344 1648 mihi
1374 1607 1531 1650 remit-
1562 1622 1565 1625 ’

265 1675 361 1714 tere
397 1672 553 1726 potius
583 1672 801 1726 voluptas
830 1672 923 1713 ista
953 1671 1170 1713 videatur
1200 1671 1525 1725 cogitationem

209 1743 406 1790 25quam
435 1737 685 1780 intendere.
743 1736 1075 1778 Demosthenes
1105 1735 1287 1788 melius,
1306 1736 1387 1789 qui
1413 1736 1531 1778 sein

264 1801 432 1853 10611111,
452 1815 508 1843 ex
538 1815 629 1854 quo
648 1801 780 1843 nulla
803 1801 1015 1843 exaudiri
1035 1815 1128 1843 vox
1147 1803 1193 1843 et
1223 1815 1279 1843 ex
1298 1814 1390 1855 quo
1409 1799 1530 1842 nihil

264 1867 465 1920 prospici
488 1868 661 1920 posset,
681 1866 971 1918 recondebat,
991 1880 1049 1908 ne
1079 1865 1209 1908 aliud
1239 1879 1375 1919 agere
1404 1878 1531 1907 men-

264 1933 359 1973 tem
389 1933 605 1987 cogerent
635 1931 769 1974 oculi.
828 1932 1027 1986 Ideoque
1064 1930 1364 1974 lucubrantes
1395 1929 1530 1972 silen-

264 1996 385 2038 tium
401 1996 549 2038 noctis
565 1998 610 2038 et
631 1996 842 2038 clausum
858 1996 1127 2038 cubiculum
1143 1997 1188 2038 61
1206 1995 1366 2037 111111611
1379 2008 1529 2036 unum
1586 2016 1588 2018 ·

209 2067 252 2101 26
265 2061 395 2102 velut
421 2063 565 2102 tectos
598 2061 800 2103 maxime
834 2063 1000 2104 teneat.
1058 2060 1147 2103 Sed
1179 2073 1286 2102 cum
1317 2059 1369 2101 in
1401 2058 1529 2101 omni

265 2125 528 2167 studiorum
565 2139 745 2179 genere,
774 2127 877 2167 tum
914 2126 965 2167 in
1001 2125 1088 2174 hoc
1123 2123 1370 2178 praecipue
1405 2123 1530 2166 bona

265 2190 499 2243 valetudo,
517 2204 726 2244 quaeque
746 2204 847 2232 eam
866 2189 1068 2232 maxime
1095 2190 1314 2243 praestat,
1333 2187 1529 2241 frugali-

264 2257 350 2306 tas,
379 2254 636 2297 necessaria
666 2256 747 2306 est,
777 2268 884 2296 cum
914 2256 1123 2307 tempora
1152 2252 1211 2294 ab
1240 2252 1343 2306 ipsa
1371 2265 1528 2295 rerum

264 2322 434 2362 natura
454 2320 512 2361 ad
543 2319 747 2373 quietem
777 2318 1166 2370 refectionemque
1196 2316 1329 2358 nobis
1349 2316 1459 2358 data
1476 2316 1529 2359 in

263 2384 543 2427 acerrimum
591 2383 796 2424 laborem
838 2381 1162 2424 convertimus.
1237 2380 1327 2424 Oui
1370 2382 1527 2423 tamen
