1696 2638
473 140 595 177 INST.
628 140 836 176 ORATOR.
867 140 950 183 XII,
981 142 1013 184 2,
1044 142 1165 176 22-25.
1368 142 1453 185 103

180 258 291 301 tor?
345 256 447 299 Iam
477 255 532 298 de
566 256 792 310 auguriis,
810 255 1055 309 responsis,
1073 254 1298 308 religione
1328 253 1454 296 deni-

181 333 278 376 que·
308 322 450 373 omni,
486 321 542 363 de
579 321 750 375 quibus
787 320 994 362 maxima
1031 333 1164 374 saepe
1201 320 1252 361 in
1289 321 1454 362 senatu

181 386 375 429 consilia
394 388 580 428 versata
609 388 732 437 sunt,
752 399 845 427 non
869 385 958 427 erit
987 385 1029 427 ei
1058 384 1393 435 disserendum,
1413 383 1453 426 si

181 451 382 504 quidem,
409 453 464 492 ut
494 450 628 492 nobis
666 450 830 504 placet,
862 450 1055 491 futurus
1086 451 1155 492 est
1186 449 1261 491 vir
1299 448 1453 491 civilis

180 515 304 558 idem
322 518 340 558 Ρ
396 515 524 569 Quae
544 515 741 568 denique
760 514 971 567 intellegi
992 513 1157 556 saltem
1185 515 1336 568 potest
1364 513 1454 555 elo-

181 580 371 634 quentia
416 580 619 622 hominis
657 579 836 633 optima
881 579 1165 621 nescientis?
1239 579 1367 621 Haec
1414 578 1454 620 si
1465 585 1509 620 22

181 645 360 687 ratione
406 644 656 687 manifesta
694 658 788 686 non
826 646 992 695 essent,
1030 643 1254 698 exemplis
1296 645 1454 686 tamen

181 710 481 752 crederemus,
557 709 796 763 Siquidem
834 711 880 754 et
918 709 1159 760 Periclem,
1193 709 1327 751 cuius
1365 708 1454 751 elo-

181 775 410 828 quentiae,
430 774 612 817 etiamsi
643 773 776 815 nulla
795 773 855 815 ad
885 787 969 816 nos
996 775 1301 816 monumenta
1320 787 1454 816 vene-

180 841 306 891 runt,
348 839 446 881 vim
491 841 649 881 tamen
695 838 930 892 quandam
977 838 1299 881 incredibilem
1346 853 1454 881 cum

180 904 391 946 historici
411 906 515 946 tum
535 904 675 946 etiam
696 903 991 945 liberrimum
1019 904 1264 946 hominum
1293 917 1454 957 genus,

181 969 345 1012 comici
403 971 581 1011 veteres
638 968 847 1020 tradunt,
900 969 1211 1022 Anaxagorae
1269 968 1454 1023 physici

181 1036 361 1077 constat
390 1034 650 1076 auditorem
680 1033 839 1085 fuisse,
860 1035 906 1076 61
936 1034 1308 1085 Demosthenem,
1328 1034 1454 1088 prin-

181 1099 331 1153 cipem
363 1099 574 1141 omnium
609 1098 832 1142 Graeciae
861 1100 1113 1150 oratorum,
1145 1098 1322 1141 dedisse
1351 1112 1454 1153 ope-

181 1178 282 1206 ram
313 1164 511 1207 Platoni.
583 1163 705 1205 Nam
738 1163 801 1206 M.
820 1163 1035 1222 Tullius,
1057 1177 1152 1205 non
1184 1165 1372 1205 tantum
1407 1174 1510 1208 se23

181 1229 345 1272 debere
393 1229 562 1271 scholis
608 1228 851 1271 rhetorum
897 1230 1127 1282 quantum
1172 1228 1453 1271 Academiae

181 1294 358 1348 spatiis,
381 1292 649 1348 frequenter
679 1294 777 1348 ipse
807 1295 1031 1347 testatur3
1060 1308 1208 1347 neque
1241 1308 1288 1336 se
1320 1295 1455 1336 tanta

180 1359 231 1401 in
250 1373 303 1402 eo
322 1373 546 1413 umquam
566 1359 764 1401 fudisset
783 1359 985 1410 ubertas,
1001 1359 1039 1401 si
1059 1359 1301 1413 ingenium
1316 1373 1454 1402 suum

181 1426 426 1478 consaepto
454 1423 560 1475 fori,
579 1437 674 1465 non
701 1423 849 1478 ipsius
869 1438 1027 1466 rerum
1056 1426 1253 1467 naturae
1282 1424 1454 1467 finibus

180 1490 486 1533 terminasset.

261 1554 440 1596 Verum
478 1567 534 1596 ex
570 1553 658 1596 hoc
696 1553 791 1597 alia
826 1554 946 1596 mihi
984 1554 1194 1608 quaestio
1233 1554 1454 1607 exoritur,

181 1632 299 1672 quae
328 1620 487 1660 secta
515 1619 726 1661 conferre
754 1618 1014 1673 plurimum
1035 1619 1325 1672 eloquentiae
1353 1632 1454 1673 pos-

182 1683 243 1726 sit
255 1700 267 1737 ;
295 1697 579 1737 quamquam
610 1698 664 1726 ea
693 1698 787 1726 non
819 1684 943 1726 inter
973 1684 1147 1726 multas
1177 1686 1328 1738 potest
1359 1697 1454 1726 esse

181 1749 428 1791 contentio.
486 1749 609 1790 Nam
637 1748 688 1790 in
726 1749 890 1803 primis
920 1763 1004 1791 nos
1033 1748 1324 1803 Epicurus
1352 1763 1380 1790 a
1407 1756 1512 1791 6624
1541 1797 1543 1799 ,

181 1813 279 1868 ipse
299 1813 512 1865 dimittit,
527 1814 608 1867 qui
629 1814 792 1867 fugere
813 1828 997 1856 omnem
1013 1813 1309 1868 disciplinam
1324 1814 1454 1855 navi-

182 1878 369 1931 gatione
406 1892 548 1931 quam
594 1877 887 1920 velocissima
932 1878 1063 1920 iubet
1137 1878 1297 1932 Neque
1343 1892 1455 1920 vero

183 1942 543 1997 Aristippus,
581 1957 817 1985 summum
864 1942 915 1983 in
962 1943 1203 1998 voluptate
1251 1943 1470 1997 corporis.

181 2005 357 2048 bonum
384 2020 573 2061 ponens,
593 2007 652 2049 ad
680 2007 806 2049 hunc
826 2020 910 2048 nos
938 2006 1147 2050 laborem
1166 2008 1454 2050 adhortetur.

183 2071 449 2125 Pyrrhon
477 2072 666 2126 quidem
682 2085 798 2125 quas
817 2071 868 2113 in
886 2071 974 2114 hoc
995 2086 1130 2126 opere
1154 2073 1324 2115 habere
1353 2086 1456 2127 par-

184 2136 246 2178 tis
289 2138 477 2190 potest?
523 2136 599 2179 cui
636 2136 812 2178 iudices
850 2150 960 2188 esse,
998 2137 1122 2191 apud
1160 2151 1276 2191 quos
1312 2137 1458 2179 verba

184 2200 342 2252 faciat,
361 2203 407 2243 et
434 2215 577 2252 reum,
597 2215 681 2255 pro
707 2215 799 2254 quo
827 2200 1061 2255 loquatur,
1081 2204 1126 2244 et
1156 2205 1385 2254 senatum,
1405 2203 1456 2244 in

185 2279 276 2320 quo
310 2266 370 2307 sit
408 2266 603 2308 dicenda
640 2266 883 2317 sententia,
920 2281 1015 2309 non
1051 2266 1262 2320 liquebit.
1320 2267 1513 2309 Aca-25

185 2329 428 2374 demiam
455 2330 647 2387 quidam
667 2330 969 2375 utilissimam
989 2331 1198 2385 credunt,
1213 2331 1338 2388 quod
1356 2345 1457 2377 11106
