<?xml version="1.0" encoding="UTF-8"?>
<!DOCTYPE html PUBLIC "-//W3C//DTD XHTML 1.0 Transitional//EN"
    "http://www.w3.org/TR/xhtml1/DTD/xhtml1-transitional.dtd">
<html xmlns="http://www.w3.org/1999/xhtml" xml:lang="en" lang="en">
 <head>
  <title>
</title>
<meta http-equiv="Content-Type" content="text/html;charset=utf-8" />
  <meta name='ocr-system' content='tesseract 3.04.00' />
  <meta name='ocr-capabilities' content='ocr_page ocr_carea ocr_par ocr_line ocrx_word'/>
</head>
<body>
  <div class='ocr_page' id='page_1' title='image "./tenthtwelfthbook00quinuoft_0102.png"; bbox 0 0 1696 2638; ppageno 0'>
   <div class='ocr_carea' id='block_1_1' title="bbox 256 144 1201 189">
    <p class='ocr_par' dir='ltr' id='par_1_1' title="bbox 256 144 1201 189">
     <span class='ocr_line' id='line_1_1' title="bbox 256 144 1201 189; baseline 0.003 -11"><span class='ocrx_word' id='word_1_1' title='bbox 256 145 312 189; x_wconf 88' lang='lat'>98</span> <span class='ocrx_word' id='word_1_2' title='bbox 560 144 682 180; x_wconf 78' lang='lat' dir='ltr'>1Ns&#39;r.</span> <span class='ocrx_word' id='word_1_3' title='bbox 713 144 922 180; x_wconf 81' lang='lat' dir='ltr'>ORATOR.</span> <span class='ocrx_word' id='word_1_4' title='bbox 952 144 1035 188; x_wconf 82' lang='grc' dir='ltr'>ΧΠ,</span> <span class='ocrx_word' id='word_1_5' title='bbox 1065 146 1098 188; x_wconf 76' lang='lat' dir='ltr'>z,</span> <span class='ocrx_word' id='word_1_6' title='bbox 1125 145 1201 181; x_wconf 79' lang='lat'><strong>1-8.</strong></span> 
     </span>
    </p>
   </div>
   <div class='ocr_carea' id='block_1_2' title="bbox 255 257 1522 504">
    <p class='ocr_par' dir='ltr' id='par_1_2' title="bbox 255 257 1522 504">
     <span class='ocr_line' id='line_1_2' title="bbox 255 257 1518 314; baseline 0.003 -15"><span class='ocrx_word' id='word_1_7' title='bbox 255 257 534 310; x_wconf 89' lang='lat' dir='ltr'>communia,</span> <span class='ocrx_word' id='word_1_8' title='bbox 554 260 706 310; x_wconf 91' lang='lat' dir='ltr'>testes,</span> <span class='ocrx_word' id='word_1_9' title='bbox 734 258 931 311; x_wconf 87' lang='lat' dir='ltr'>litterae,</span> <span class='ocrx_word' id='word_1_10' title='bbox 951 258 1248 313; x_wconf 80' lang='lat' dir='ltr'>suspiciones,</span> <span class='ocrx_word' id='word_1_11' title='bbox 1268 258 1518 314; x_wconf 83' lang='lat' dir='ltr'><strong>opiniones.</strong></span> 
     </span>
     <span class='ocr_line' id='line_1_3' title="bbox 257 322 1521 378; baseline 0.002 -14"><span class='ocrx_word' id='word_1_12' title='bbox 257 322 363 365; x_wconf 89' lang='lat' dir='ltr'>Non</span> <span class='ocrx_word' id='word_1_13' title='bbox 391 323 527 365; x_wconf 86' lang='lat' dir='ltr'>aliter</span> <span class='ocrx_word' id='word_1_14' title='bbox 546 326 702 365; x_wconf 88' lang='lat' dir='ltr'>autem</span> <span class='ocrx_word' id='word_1_15' title='bbox 722 324 823 365; x_wconf 85' lang='lat' dir='ltr'>veri</span> <span class='ocrx_word' id='word_1_16' title='bbox 851 324 1025 366; x_wconf 82' lang='lat' dir='ltr'>similia</span> <span class='ocrx_word' id='word_1_17' title='bbox 1052 337 1194 378; x_wconf 89' lang='lat' dir='ltr'>quam</span> <span class='ocrx_word' id='word_1_18' title='bbox 1213 337 1325 366; x_wconf 85' lang='lat' dir='ltr'>vera</span> <span class='ocrx_word' id='word_1_19' title='bbox 1344 326 1390 366; x_wconf 86' lang='lat' dir='ltr'>et</span> <span class='ocrx_word' id='word_1_20' title='bbox 1418 338 1521 367; x_wconf 88' lang='lat' dir='ltr'>con·</span> 
     </span>
     <span class='ocr_line' id='line_1_4' title="bbox 257 387 1522 442; baseline 0.002 -14"><span class='ocrx_word' id='word_1_21' title='bbox 257 387 503 428; x_wconf 88' lang='lat' dir='ltr'>firmantur</span> <span class='ocrx_word' id='word_1_22' title='bbox 549 389 594 429; x_wconf 89' lang='lat' dir='ltr'>et</span> <span class='ocrx_word' id='word_1_23' title='bbox 640 387 931 431; x_wconf 83' lang='lat' dir='ltr'>refelluntur.</span> <span class='ocrx_word' id='word_1_24' title='bbox 1007 387 1313 442; x_wconf 72' lang='lat' dir='ltr'>Quapropter,</span> <span class='ocrx_word' id='word_1_25' title='bbox 1350 390 1405 430; x_wconf 90' lang='lat' dir='ltr'>ut</span> <span class='ocrx_word' id='word_1_26' title='bbox 1450 403 1522 431; x_wconf 86' lang='lat' dir='ltr'>res</span> 
     </span>
     <span class='ocr_line' id='line_1_5' title="bbox 257 451 1521 504; baseline 0.003 -11"><span class='ocrx_word' id='word_1_27' title='bbox 257 451 389 503; x_wconf 85' lang='lat' dir='ltr'>feret,</span> <span class='ocrx_word' id='word_1_28' title='bbox 408 451 618 494; x_wconf 87' lang='lat' dir='ltr'>flectetur</span> <span class='ocrx_word' id='word_1_29' title='bbox 638 452 800 504; x_wconf 87' lang='lat' dir='ltr'>oratio,</span> <span class='ocrx_word' id='word_1_30' title='bbox 819 454 1035 495; x_wconf 90' lang='lat' dir='ltr'>manente</span> <span class='ocrx_word' id='word_1_31' title='bbox 1053 453 1250 495; x_wconf 88' lang='lat' dir='ltr'>honesta</span> <span class='ocrx_word' id='word_1_32' title='bbox 1267 452 1521 497; x_wconf 88' lang='lat' dir='ltr'>voluntate.</span> 
     </span>
    </p>
   </div>
   <div class='ocr_carea' id='block_1_3' title="bbox 753 780 1023 821">
    <p class='ocr_par' dir='ltr' id='par_1_3' title="bbox 753 780 1023 821">
     <span class='ocr_line' id='line_1_6' title="bbox 753 780 1023 821; baseline -0.004 0"><span class='ocrx_word' id='word_1_33' title='bbox 753 780 937 821; x_wconf 81' lang='lat' dir='ltr'>CAPUT</span> <span class='ocrx_word' id='word_1_34' title='bbox 967 780 1023 820; x_wconf 91' lang='grc' dir='ltr'>Π.</span> 
     </span>
    </p>
   </div>
   <div class='ocr_carea' id='block_1_4' title="bbox 257 905 1524 1014">
    <p class='ocr_par' dir='ltr' id='par_1_4' title="bbox 257 905 1524 1014">
     <span class='ocr_line' id='line_1_7' title="bbox 257 905 1524 944; baseline -0.002 -4"><span class='ocrx_word' id='word_1_35' title='bbox 257 906 613 941; x_wconf 75' lang='lat' dir='ltr'>COGNOSOENDA</span> <span class='ocrx_word' id='word_1_36' title='bbox 642 905 858 937; x_wconf 80' lang='lat' dir='ltr'>ORATORI</span> <span class='ocrx_word' id='word_1_37' title='bbox 891 905 1074 944; x_wconf 79' lang='lat' dir='ltr'>QUIBUS</span> <span class='ocrx_word' id='word_1_38' title='bbox 1107 905 1269 938; x_wconf 76' lang='lat' dir='ltr'>MORES</span> <span class='ocrx_word' id='word_1_39' title='bbox 1301 906 1524 939; x_wconf 65' lang='lat' dir='ltr'><strong>nonm-</strong></span> 
     </span>
     <span class='ocr_line' id='line_1_8' title="bbox 834 981 945 1014; baseline 0.018 -2"><span class='ocrx_word' id='word_1_40' title='bbox 834 981 945 1014; x_wconf 74' lang='lat' dir='ltr'>TUR-</span> 
     </span>
    </p>
   </div>
   <div class='ocr_carea' id='block_1_5' title="bbox 223 1089 1525 1792">
    <p class='ocr_par' dir='ltr' id='par_1_5' title="bbox 257 1089 1525 1532">
     <span class='ocr_line' id='line_1_9' title="bbox 339 1089 1525 1144; baseline 0 -11"><span class='ocrx_word' id='word_1_41' title='bbox 339 1090 399 1134; x_wconf 88' lang='grc' dir='ltr'>ΙΙ.</span> <span class='ocrx_word' id='word_1_42' title='bbox 431 1090 626 1144; x_wconf 82' lang='lat' dir='ltr'><strong>Quando</strong></span> <span class='ocrx_word' id='word_1_43' title='bbox 654 1089 803 1143; x_wconf 89' lang='lat' dir='ltr'>igitur</span> <span class='ocrx_word' id='word_1_44' title='bbox 831 1091 987 1131; x_wconf 87' lang='lat' dir='ltr'>orator</span> <span class='ocrx_word' id='word_1_45' title='bbox 1015 1091 1084 1132; x_wconf 89' lang='lat' dir='ltr'>est</span> <span class='ocrx_word' id='word_1_46' title='bbox 1102 1089 1178 1132; x_wconf 86' lang='lat' dir='ltr'>vir</span> <span class='ocrx_word' id='word_1_47' title='bbox 1204 1089 1368 1142; x_wconf 91' lang='lat' dir='ltr'>bonus,</span> <span class='ocrx_word' id='word_1_48' title='bbox 1385 1089 1426 1132; x_wconf 89' lang='lat' dir='ltr'>is</span> <span class='ocrx_word' id='word_1_49' title='bbox 1445 1104 1525 1133; x_wconf 87' lang='lat' dir='ltr'>au-</span> 
     </span>
     <span class='ocr_line' id='line_1_10' title="bbox 257 1154 1524 1208; baseline 0 -10"><span class='ocrx_word' id='word_1_50' title='bbox 257 1157 353 1198; x_wconf 88' lang='lat' dir='ltr'>tem</span> <span class='ocrx_word' id='word_1_51' title='bbox 391 1155 508 1197; x_wconf 85' lang='lat' dir='ltr'>citra</span> <span class='ocrx_word' id='word_1_52' title='bbox 535 1155 761 1197; x_wconf 87' lang='lat' dir='ltr'>virtutem</span> <span class='ocrx_word' id='word_1_53' title='bbox 794 1154 1004 1208; x_wconf 80' lang='lat' dir='ltr'>intellegi</span> <span class='ocrx_word' id='word_1_54' title='bbox 1034 1168 1128 1196; x_wconf 94' lang='lat' dir='ltr'>non</span> <span class='ocrx_word' id='word_1_55' title='bbox 1165 1156 1330 1208; x_wconf 87' lang='lat' dir='ltr'>potest,</span> <span class='ocrx_word' id='word_1_56' title='bbox 1357 1155 1524 1207; x_wconf 84' lang='lat' dir='ltr'>virtus,</span> 
     </span>
     <span class='ocr_line' id='line_1_11' title="bbox 259 1219 1524 1273; baseline 0 -11"><span class='ocrx_word' id='word_1_57' title='bbox 259 1220 442 1262; x_wconf 90' lang='lat' dir='ltr'>etiamsi</span> <span class='ocrx_word' id='word_1_58' title='bbox 461 1219 685 1273; x_wconf 85' lang='lat' dir='ltr'>quosdam</span> <span class='ocrx_word' id='word_1_59' title='bbox 705 1219 908 1272; x_wconf 89' lang='lat' dir='ltr'>impetus</span> <span class='ocrx_word' id='word_1_60' title='bbox 927 1233 984 1261; x_wconf 86' lang='lat' dir='ltr'>ex</span> <span class='ocrx_word' id='word_1_61' title='bbox 1003 1221 1173 1261; x_wconf 82' lang='lat' dir='ltr'>natura</span> <span class='ocrx_word' id='word_1_62' title='bbox 1193 1219 1349 1271; x_wconf 89' lang='lat' dir='ltr'>sumit,</span> <span class='ocrx_word' id='word_1_63' title='bbox 1367 1221 1524 1262; x_wconf 88' lang='lat' dir='ltr'>tamen</span> 
     </span>
     <span class='ocr_line' id='line_1_12' title="bbox 258 1283 1525 1340; baseline 0 -13"><span class='ocrx_word' id='word_1_64' title='bbox 258 1284 535 1340; x_wconf 86' lang='lat' dir='ltr'>perficienda</span> <span class='ocrx_word' id='word_1_65' title='bbox 575 1283 843 1326; x_wconf 85' lang='lat' dir='ltr'>doctrina</span> <span class='ocrx_word' id='word_1_66' title='bbox 889 1286 979 1327; x_wconf 86' lang='lat' dir='ltr'>est:</span> <span class='ocrx_word' id='word_1_67' title='bbox 1027 1298 1177 1326; x_wconf 84' lang='lat' dir='ltr'>mores</span> <span class='ocrx_word' id='word_1_68' title='bbox 1224 1286 1331 1326; x_wconf 89' lang='lat' dir='ltr'>ante</span> <span class='ocrx_word' id='word_1_69' title='bbox 1369 1285 1525 1327; x_wconf 82' lang='lat' dir='ltr'>omnia</span> 
     </span>
     <span class='ocr_line' id='line_1_13' title="bbox 258 1348 1525 1402; baseline -0.002 -9"><span class='ocrx_word' id='word_1_70' title='bbox 258 1349 433 1392; x_wconf 83' lang='lat' dir='ltr'>oratori</span> <span class='ocrx_word' id='word_1_71' title='bbox 465 1348 632 1390; x_wconf 90' lang='lat' dir='ltr'>studiis</span> <span class='ocrx_word' id='word_1_72' title='bbox 658 1350 795 1390; x_wconf 85' lang='lat' dir='ltr'>erunt</span> <span class='ocrx_word' id='word_1_73' title='bbox 825 1348 1076 1400; x_wconf 86' lang='lat' dir='ltr'>excolendi,</span> <span class='ocrx_word' id='word_1_74' title='bbox 1096 1351 1234 1402; x_wconf 86' lang='lat' dir='ltr'>atque</span> <span class='ocrx_word' id='word_1_75' title='bbox 1264 1349 1415 1391; x_wconf 90' lang='lat' dir='ltr'>omnis</span> <span class='ocrx_word' id='word_1_76' title='bbox 1444 1349 1525 1392; x_wconf 87' lang='lat' dir='ltr'>ho-</span> 
     </span>
     <span class='ocr_line' id='line_1_14' title="bbox 257 1413 1525 1468; baseline 0 -11"><span class='ocrx_word' id='word_1_77' title='bbox 257 1415 378 1457; x_wconf 84' lang='lat' dir='ltr'>nesti</span> <span class='ocrx_word' id='word_1_78' title='bbox 414 1413 618 1466; x_wconf 89' lang='lat' dir='ltr'>iustique</span> <span class='ocrx_word' id='word_1_79' title='bbox 650 1413 895 1466; x_wconf 82' lang='lat' dir='ltr'>disciplina</span> <span class='ocrx_word' id='word_1_80' title='bbox 932 1414 1271 1467; x_wconf 87' lang='lat' dir='ltr'>pertractanda,</span> <span class='ocrx_word' id='word_1_81' title='bbox 1302 1414 1400 1456; x_wconf 88' lang='lat' dir='ltr'>sine</span> <span class='ocrx_word' id='word_1_82' title='bbox 1433 1428 1525 1468; x_wconf 85' lang='lat' dir='ltr'>qua</span> 
     </span>
     <span class='ocr_line' id='line_1_15' title="bbox 257 1478 1525 1532; baseline -0.002 -9"><span class='ocrx_word' id='word_1_83' title='bbox 257 1495 392 1523; x_wconf 88' lang='lat' dir='ltr'>nemo</span> <span class='ocrx_word' id='word_1_84' title='bbox 429 1494 512 1523; x_wconf 94' lang='lat' dir='ltr'>nec</span> <span class='ocrx_word' id='word_1_85' title='bbox 550 1480 625 1522; x_wconf 88' lang='lat' dir='ltr'>vir</span> <span class='ocrx_word' id='word_1_86' title='bbox 669 1480 820 1522; x_wconf 88' lang='lat' dir='ltr'>bonus</span> <span class='ocrx_word' id='word_1_87' title='bbox 857 1493 952 1521; x_wconf 84' lang='lat' dir='ltr'>esse</span> <span class='ocrx_word' id='word_1_88' title='bbox 998 1492 1081 1520; x_wconf 94' lang='lat' dir='ltr'>nec</span> <span class='ocrx_word' id='word_1_89' title='bbox 1119 1478 1301 1520; x_wconf 90' lang='lat' dir='ltr'>dicendi</span> <span class='ocrx_word' id='word_1_90' title='bbox 1347 1479 1525 1532; x_wconf 88' lang='lat' dir='ltr'>peritus</span> 
     </span>
    </p>

    <p class='ocr_par' dir='ltr' id='par_1_6' title="bbox 223 1543 1525 1792">
     <span class='ocr_line' id='line_1_16' title="bbox 223 1543 1524 1599; baseline -0.002 -11"><span class='ocrx_word' id='word_1_91' title='bbox 223 1548 419 1599; x_wconf 83' lang='lat' dir='ltr'>2potest.</span> <span class='ocrx_word' id='word_1_92' title='bbox 477 1545 581 1587; x_wconf 88' lang='lat' dir='ltr'>Nisi</span> <span class='ocrx_word' id='word_1_93' title='bbox 610 1545 731 1586; x_wconf 83' lang='lat' dir='ltr'>forte</span> <span class='ocrx_word' id='word_1_94' title='bbox 752 1543 1013 1586; x_wconf 81' lang='lat' dir='ltr'>accedimus</span> <span class='ocrx_word' id='word_1_95' title='bbox 1031 1543 1103 1594; x_wconf 91' lang='lat' dir='ltr'>iis,</span> <span class='ocrx_word' id='word_1_96' title='bbox 1122 1543 1204 1596; x_wconf 90' lang='lat' dir='ltr'>qui</span> <span class='ocrx_word' id='word_1_97' title='bbox 1231 1545 1402 1585; x_wconf 88' lang='lat' dir='ltr'>natura</span> <span class='ocrx_word' id='word_1_98' title='bbox 1420 1557 1524 1586; x_wconf 90' lang='lat' dir='ltr'>con·</span> 
     </span>
     <span class='ocr_line' id='line_1_17' title="bbox 259 1599 1524 1662; baseline -0.002 -11"><span class='ocrx_word' id='word_1_99' title='bbox 259 1612 380 1652; x_wconf 88' lang='lat' dir='ltr'>stare</span> <span class='ocrx_word' id='word_1_100' title='bbox 407 1623 557 1651; x_wconf 87' lang='lat' dir='ltr'>mores</span> <span class='ocrx_word' id='word_1_101' title='bbox 586 1611 632 1651; x_wconf 89' lang='lat' dir='ltr'>et</span> <span class='ocrx_word' id='word_1_102' title='bbox 659 1608 780 1650; x_wconf 89' lang='lat' dir='ltr'>nihil</span> <span class='ocrx_word' id='word_1_103' title='bbox 809 1599 1025 1650; x_wconf 86' lang='lat' dir='ltr'>adiuvari</span> <span class='ocrx_word' id='word_1_104' title='bbox 1053 1607 1301 1661; x_wconf 81' lang='lat' dir='ltr'>disciplina</span> <span class='ocrx_word' id='word_1_105' title='bbox 1331 1610 1524 1662; x_wconf 89' lang='lat' dir='ltr'>putant;</span> 
     </span>
     <span class='ocr_line' id='line_1_18' title="bbox 258 1672 1524 1726; baseline -0.002 -11"><span class='ocrx_word' id='word_1_106' title='bbox 258 1673 432 1715; x_wconf 91' lang='lat' dir='ltr'>scilicet</span> <span class='ocrx_word' id='word_1_107' title='bbox 472 1675 526 1714; x_wconf 90' lang='lat' dir='ltr'>ut</span> <span class='ocrx_word' id='word_1_108' title='bbox 564 1687 629 1725; x_wconf 89' lang='lat' dir='ltr'>ea,</span> <span class='ocrx_word' id='word_1_109' title='bbox 666 1687 783 1726; x_wconf 90' lang='lat' dir='ltr'>quae</span> <span class='ocrx_word' id='word_1_110' title='bbox 829 1686 972 1714; x_wconf 90' lang='lat' dir='ltr'>manu</span> <span class='ocrx_word' id='word_1_111' title='bbox 1018 1672 1152 1723; x_wconf 90' lang='lat' dir='ltr'>fiunt,</span> <span class='ocrx_word' id='word_1_112' title='bbox 1189 1674 1327 1725; x_wconf 88' lang='lat' dir='ltr'>atque</span> <span class='ocrx_word' id='word_1_113' title='bbox 1364 1685 1524 1714; x_wconf 89' lang='lat' dir='ltr'>eorum</span> 
     </span>
     <span class='ocr_line' id='line_1_19' title="bbox 258 1736 1525 1792; baseline -0.002 -12"><span class='ocrx_word' id='word_1_114' title='bbox 258 1739 399 1780; x_wconf 89' lang='lat' dir='ltr'>etiam</span> <span class='ocrx_word' id='word_1_115' title='bbox 423 1738 831 1792; x_wconf 88' lang='lat' dir='ltr'>contemptissima,</span> <span class='ocrx_word' id='word_1_116' title='bbox 851 1737 1159 1780; x_wconf 87' lang='lat' dir='ltr'>confiteantur</span> <span class='ocrx_word' id='word_1_117' title='bbox 1178 1750 1310 1790; x_wconf 87' lang='lat' dir='ltr'>egere</span> <span class='ocrx_word' id='word_1_118' title='bbox 1329 1736 1525 1779; x_wconf 91' lang='lat' dir='ltr'>doctori-</span> 
     </span>
    </p>
   </div>
   <div class='ocr_carea' id='block_1_6' title="bbox 258 1798 1604 1858">
    <p class='ocr_par' dir='ltr' id='par_1_7' title="bbox 258 1798 1604 1858">
     <span class='ocr_line' id='line_1_20' title="bbox 258 1798 1604 1858; baseline -0.001 -14"><span class='ocrx_word' id='word_1_119' title='bbox 258 1803 360 1854; x_wconf 89' lang='lat' dir='ltr'>bus,</span> <span class='ocrx_word' id='word_1_120' title='bbox 379 1803 604 1844; x_wconf 85' lang='lat' dir='ltr'>virtutem</span> <span class='ocrx_word' id='word_1_121' title='bbox 624 1817 747 1854; x_wconf 84' lang='lat' dir='ltr'>vero,</span> <span class='ocrx_word' id='word_1_122' title='bbox 766 1816 858 1856; x_wconf 90' lang='lat' dir='ltr'>qua</span> <span class='ocrx_word' id='word_1_123' title='bbox 876 1802 997 1843; x_wconf 90' lang='lat' dir='ltr'>nihil</span> <span class='ocrx_word' id='word_1_124' title='bbox 1016 1798 1209 1853; x_wconf 86' lang='lat' dir='ltr'>homini,</span> <span class='ocrx_word' id='word_1_125' title='bbox 1228 1815 1319 1855; x_wconf 89' lang='lat' dir='ltr'>quo</span> <span class='ocrx_word' id='word_1_126' title='bbox 1339 1801 1396 1842; x_wconf 89' lang='lat' dir='ltr'>ad</span> <span class='ocrx_word' id='word_1_127' title='bbox 1417 1801 1524 1843; x_wconf 86' lang='lat' dir='ltr'>deos</span> <span class='ocrx_word' id='word_1_128' title='bbox 1601 1854 1604 1858; x_wconf 21' lang='grc' dir='ltr'><em>ι</em></span> 
     </span>
    </p>
   </div>
   <div class='ocr_carea' id='block_1_7' title="bbox 224 1866 1524 2374">
    <p class='ocr_par' dir='ltr' id='par_1_8' title="bbox 224 1866 1524 2374">
     <span class='ocr_line' id='line_1_21' title="bbox 258 1866 1524 1922; baseline -0.001 -13"><span class='ocrx_word' id='word_1_129' title='bbox 258 1867 543 1910; x_wconf 88' lang='lat' dir='ltr'>immortales</span> <span class='ocrx_word' id='word_1_130' title='bbox 571 1868 762 1922; x_wconf 90' lang='lat' dir='ltr'>propius</span> <span class='ocrx_word' id='word_1_131' title='bbox 782 1867 1029 1918; x_wconf 90' lang='lat' dir='ltr'>accederet,</span> <span class='ocrx_word' id='word_1_132' title='bbox 1048 1867 1212 1908; x_wconf 89' lang='lat' dir='ltr'>datum</span> <span class='ocrx_word' id='word_1_133' title='bbox 1235 1868 1316 1917; x_wconf 91' lang='lat' dir='ltr'>est,</span> <span class='ocrx_word' id='word_1_134' title='bbox 1335 1866 1524 1908; x_wconf 84' lang='lat' dir='ltr'>obviam</span> 
     </span>
     <span class='ocr_line' id='line_1_22' title="bbox 258 1930 1524 1984; baseline -0.002 -10"><span class='ocrx_word' id='word_1_135' title='bbox 258 1934 304 1974; x_wconf 90' lang='lat' dir='ltr'>et</span> <span class='ocrx_word' id='word_1_136' title='bbox 333 1931 640 1984; x_wconf 89' lang='lat' dir='ltr'>illaboratam,</span> <span class='ocrx_word' id='word_1_137' title='bbox 670 1934 857 1974; x_wconf 87' lang='lat' dir='ltr'>tantum</span> <span class='ocrx_word' id='word_1_138' title='bbox 890 1932 1002 1984; x_wconf 91' lang='lat' dir='ltr'>quia</span> <span class='ocrx_word' id='word_1_139' title='bbox 1033 1931 1133 1972; x_wconf 88' lang='lat' dir='ltr'>nati</span> <span class='ocrx_word' id='word_1_140' title='bbox 1168 1931 1326 1981; x_wconf 90' lang='lat' dir='ltr'>simus,</span> <span class='ocrx_word' id='word_1_141' title='bbox 1357 1930 1524 1972; x_wconf 87' lang='lat' dir='ltr'>habea·</span> 
     </span>
     <span class='ocr_line' id='line_1_23' title="bbox 258 1994 1523 2050; baseline -0.001 -12"><span class='ocrx_word' id='word_1_142' title='bbox 258 2010 373 2038; x_wconf 87' lang='lat' dir='ltr'>mus.</span> <span class='ocrx_word' id='word_1_143' title='bbox 411 2007 413 2010; x_wconf 88' lang='grc'><em>·</em></span> <span class='ocrx_word' id='word_1_144' title='bbox 430 1996 684 2039; x_wconf 89' lang='lat' dir='ltr'>Abstinens</span> <span class='ocrx_word' id='word_1_145' title='bbox 700 1996 802 2048; x_wconf 87' lang='lat' dir='ltr'>erit,</span> <span class='ocrx_word' id='word_1_146' title='bbox 817 1995 897 2050; x_wconf 93' lang='lat' dir='ltr'>qui</span> <span class='ocrx_word' id='word_1_147' title='bbox 916 1995 966 2037; x_wconf 89' lang='lat' dir='ltr'>id</span> <span class='ocrx_word' id='word_1_148' title='bbox 985 1996 1154 2050; x_wconf 89' lang='lat' dir='ltr'>ipsum,</span> <span class='ocrx_word' id='word_1_149' title='bbox 1169 1994 1282 2048; x_wconf 90' lang='lat' dir='ltr'>quid</span> <span class='ocrx_word' id='word_1_150' title='bbox 1301 1994 1363 2036; x_wconf 89' lang='lat' dir='ltr'>sit</span> <span class='ocrx_word' id='word_1_151' title='bbox 1382 1994 1523 2037; x_wconf 87' lang='lat' dir='ltr'>absti-</span> 
     </span>
     <span class='ocr_line' id='line_1_24' title="bbox 224 2059 1524 2115; baseline -0.001 -13"><span class='ocrx_word' id='word_1_152' title='bbox 224 2062 430 2113; x_wconf 85' lang='lat' dir='ltr'>3nentia,</span> <span class='ocrx_word' id='word_1_153' title='bbox 467 2062 686 2115; x_wconf 78' lang='lat' dir='ltr'>ignoret?</span> <span class='ocrx_word' id='word_1_154' title='bbox 732 2063 777 2103; x_wconf 92' lang='lat' dir='ltr'>et</span> <span class='ocrx_word' id='word_1_155' title='bbox 822 2061 973 2112; x_wconf 80' lang='lat' dir='ltr'>fortis,</span> <span class='ocrx_word' id='word_1_156' title='bbox 1011 2060 1092 2114; x_wconf 90' lang='lat' dir='ltr'>qui</span> <span class='ocrx_word' id='word_1_157' title='bbox 1140 2062 1292 2102; x_wconf 90' lang='lat' dir='ltr'>metus</span> <span class='ocrx_word' id='word_1_158' title='bbox 1338 2059 1524 2112; x_wconf 88' lang='lat' dir='ltr'>doloris,</span> 
     </span>
     <span class='ocr_line' id='line_1_25' title="bbox 258 2125 1524 2179; baseline 0.001 -12"><span class='ocrx_word' id='word_1_159' title='bbox 258 2126 435 2177; x_wconf 89' lang='lat' dir='ltr'>mortis,</span> <span class='ocrx_word' id='word_1_160' title='bbox 464 2126 806 2179; x_wconf 84' lang='lat' dir='ltr'>superstitionis</span> <span class='ocrx_word' id='word_1_161' title='bbox 834 2125 966 2167; x_wconf 92' lang='lat' dir='ltr'>nulla</span> <span class='ocrx_word' id='word_1_162' title='bbox 994 2125 1173 2167; x_wconf 85' lang='lat' dir='ltr'>ratione</span> <span class='ocrx_word' id='word_1_163' title='bbox 1212 2125 1524 2179; x_wconf 79' lang='lat' dir='ltr'>purgaverit?</span> 
     </span>
     <span class='ocr_line' id='line_1_26' title="bbox 259 2188 1524 2244; baseline -0.002 -11"><span class='ocrx_word' id='word_1_164' title='bbox 259 2192 304 2233; x_wconf 92' lang='lat' dir='ltr'>et</span> <span class='ocrx_word' id='word_1_165' title='bbox 323 2191 487 2241; x_wconf 87' lang='lat' dir='ltr'>iustus,</span> <span class='ocrx_word' id='word_1_166' title='bbox 506 2191 587 2243; x_wconf 91' lang='lat' dir='ltr'>qui</span> <span class='ocrx_word' id='word_1_167' title='bbox 607 2191 742 2244; x_wconf 90' lang='lat' dir='ltr'>aequi</span> <span class='ocrx_word' id='word_1_168' title='bbox 770 2191 971 2244; x_wconf 90' lang='lat' dir='ltr'>bonique</span> <span class='ocrx_word' id='word_1_169' title='bbox 990 2192 1257 2241; x_wconf 89' lang='lat' dir='ltr'>tractatum,</span> <span class='ocrx_word' id='word_1_170' title='bbox 1276 2190 1358 2243; x_wconf 89' lang='lat' dir='ltr'>qui</span> <span class='ocrx_word' id='word_1_171' title='bbox 1385 2188 1524 2243; x_wconf 84' lang='lat' dir='ltr'>leges,</span> 
     </span>
     <span class='ocr_line' id='line_1_27' title="bbox 259 2254 1523 2308; baseline -0.001 -11"><span class='ocrx_word' id='word_1_172' title='bbox 259 2268 465 2308; x_wconf 88' lang='lat' dir='ltr'>quaeque</span> <span class='ocrx_word' id='word_1_173' title='bbox 510 2257 680 2297; x_wconf 89' lang='lat' dir='ltr'>natura</span> <span class='ocrx_word' id='word_1_174' title='bbox 717 2257 827 2297; x_wconf 88' lang='lat' dir='ltr'>sunt</span> <span class='ocrx_word' id='word_1_175' title='bbox 873 2254 1090 2297; x_wconf 87' lang='lat' dir='ltr'>omnibus</span> <span class='ocrx_word' id='word_1_176' title='bbox 1129 2254 1276 2306; x_wconf 87' lang='lat' dir='ltr'>datae,</span> <span class='ocrx_word' id='word_1_177' title='bbox 1315 2267 1523 2308; x_wconf 84' lang='lat' dir='ltr'>quaeque</span> 
     </span>
     <span class='ocr_line' id='line_1_28' title="bbox 258 2319 1510 2374; baseline 0 -13"><span class='ocrx_word' id='word_1_178' title='bbox 258 2320 471 2374; x_wconf 88' lang='lat' dir='ltr'>propriae</span> <span class='ocrx_word' id='word_1_179' title='bbox 508 2320 692 2374; x_wconf 86' lang='lat' dir='ltr'>populis</span> <span class='ocrx_word' id='word_1_180' title='bbox 730 2321 776 2362; x_wconf 89' lang='lat' dir='ltr'>et</span> <span class='ocrx_word' id='word_1_181' title='bbox 813 2319 1033 2374; x_wconf 88' lang='lat' dir='ltr'>gentibus</span> <span class='ocrx_word' id='word_1_182' title='bbox 1062 2319 1354 2372; x_wconf 79' lang='lat' dir='ltr'>constitutae,</span> <span class='ocrx_word' id='word_1_183' title='bbox 1390 2332 1510 2362; x_wconf 89' lang='lat' dir='ltr'>num</span> 
     </span>
    </p>
   </div>
  </div>
 </body>
</html>
