1696 2638
253 159 310 201 54
542 157 663 192 1Ns'r.
695 156 901 192 ORATOR.
932 156 975 199 x,
1008 159 1037 196 1,
1069 158 1228 194 128-131.
1287 191 1291 196 .

254 270 324 328 1111
345 270 447 312 viro
470 270 581 313 fieri.
640 270 727 313 Sed
756 270 967 323 placebat
994 272 1182 324 propter
1211 271 1308 313 sola
1326 272 1444 314 vitia
1471 274 1515 314 et

253 328 312 378 ad
341 349 393 377 ea
413 349 459 377 se
478 336 672 388 quisque
701 335 931 388 dirigebat
960 335 1229 388 effingenda,
1249 350 1365 389 quae
1392 338 1515 390 pote-

254 402 350 451 rat;
379 398 542 440 deinde
571 412 677 440 cum
706 412 752 440 se
781 399 973 441 iactaret
1002 399 1160 441 eodem
1189 400 1323 441 modo
1352 400 1516 451 dicere,>

179 470 242 503 128
256 464 471 507 Senecam
490 463 763 505 infamabat.
821 463 966 506 Cuius
996 466 1041 506 et
1069 464 1243 506 multae
1271 464 1446 517 alioqui
1471 466 1517 506 et

254 542 448 581 magnae
495 528 695 569 virtutes
743 527 948 579 fuerunt,
994 527 1238 581 ingenium
1285 528 1422 570 facile
1471 531 1517 571 et

254 593 503 646 copiosum,
531 592 788 646 plurimum
817 592 974 644 studii,
1002 592 1152 634 multa
1179 606 1335 634 rerum
1363 593 1517 646 cogni-

254 657 344 709 tio;
382 658 432 698 in
462 671 554 710 qua
591 659 747 698 tamen
776 656 1026 709 aliquando
1055 657 1113 698 ab
1142 657 1229 708 his,
1252 657 1421 710 quibus
1449 658 1517 699 in-

254 721 477 774 quirenda
497 721 723 774 quaedam
738 721 1004 772 mandabat,
1020 721 1236 774 deceptus
1256 723 1335 764 est.
1383 722 1517 764 Trac-

253 786 374 827 tavit
412 786 552 827 etiam
594 799 776 827 omnem
824 785 919 827 fere
961 785 1224 827 studiorum
1260 786 1515 829 materiam.

177 857 240 890 129
254 851 374 892 Nam
394 852 439 892 61
468 850 697 891 6161161166
718 850 816 892 61116
845 852 890 891 61
919 852 1132 903 poemata
1152 852 1197 892 et
1225 850 1452 904 epistulae
1471 852 1516 893 et
1557 892 1562 896 ,

252 915 426 968 dialogi
446 915 673 957 feruntur.
731 915 787 956 In
806 914 1100 968 philosophia
1119 928 1285 968 parum
1305 914 1517 968 diligens,

253 980 465 1032 egregius
484 981 641 1021 tamen
660 979 884 1021 vitiorum
904 979 1155 1021 insectator
1175 979 1280 1022 fuit.
1338 979 1515 1022 Multae

252 1044 303 1085 in
330 1058 382 1086 eo
412 1044 651 1096 claraeque
685 1044 951 1094 sententiae,
976 1043 1127 1085 multa
1161 1043 1302 1085 etiam
1333 1058 1517 1087 morum

252 1109 404 1162 gratia
431 1108 625 1161 legenda
638 1125 648 1160 ;
677 1108 755 1150 sed
783 1109 833 1149 in
853 1108 1107 1161 eloquendo
1126 1110 1345 1168 corrupta
1371 1108 1517 1162 plera-

252 1187 339 1226 que
354 1175 491 1226 atque
504 1187 556 1215 eo
571 1173 972 1226 perniciosissima,
985 1172 1107 1226 quod
1122 1172 1362 1215 abundant
1373 1173 1517 1224 dulci-

176 1244 239 1277 130
251 1238 338 1279 bus
354 1238 494 1280 vitiis.
525 1255 537 1268 r
551 1237 708 1279 Velles
728 1251 834 1279 eum
854 1251 937 1278 suo
956 1238 1143 1290 ingenio
1163 1237 1347 1289 dixisse,
1366 1237 1516 1280 alieno

252 1302 447 1354 iudici03
486 1316 595 1343 nam
626 1302 664 1343 si
684 1302 841 1355 aliqua
869 1303 1230 1355 contempsisset,
1251 1302 1290 1344 si
1317 1316 1517 1356 pravum

239 1381 344 1408 ¹non
381 1367 683 1420 concupisset,
713 1366 751 1408 si
789 1380 883 1408 non
921 1367 1077 1408 omnia
1115 1381 1200 1408 sua
1237 1369 1448 1419 amasset,
1476 1368 1516 1410 si

251 1445 407 1473 rerum
435 1431 639 1484 pondera
666 1431 993 1473 minutissimis
1024 1426 1266 1473 sententiis
1294 1445 1388 1473 non
1427 1432 1516 1474 fre—

252 1496 407 1549 gisset,
430 1509 654 1537 consensu
683 1496 838 1549 potius
867 1496 1157 1538 eruditorum
1186 1509 1326 1549 quam
1354 1509 1515 1550 puero-

175 1569 237 1602 131
251 1575 357 1602 rum
394 1574 548 1602 6111616
577 1560 1003 1614 comprobaremus
1023 1561 1202 1602 Verum
1231 1561 1296 1603 sic
1335 1574 1516 1618 quoque

251 1626 346 1667 iam
382 1624 585 1666 robustis
623 1626 668 1666 et
706 1625 933 1666 severiore
971 1638 1136 1677 genere
1175 1625 1287 1667 satis
1319 1619 1516 1668 firmatis

251 1689 472 1743 legendus
492 1689 567 1730 vel
587 1689 703 1740 ideo,
723 1689 846 1742 quod
867 1702 1074 1731 exercere
1102 1690 1253 1742 potest
1281 1689 1516 1744 utrimque

251 1754 488 1796 iudicium.
547 1753 699 1795 Multa
727 1754 864 1804 enim,
892 1755 951 1794 111·
974 1753 1086 1804 dixi,
1106 1754 1344 1807 probanda
1371 1755 1422 1796 in
1449 1768 1516 1806 eo,

250 1818 401 1860 multa
420 1819 560 1860 etiam
589 1817 862 1859 admiranda
891 1819 1013 1868 sunt,
1033 1817 1201 1870 eligere
1220 1817 1357 1860 modo
1378 1832 1516 1860 curae

252 1883 335 1936 611;
365 1883 487 1936 quod
516 1882 699 1924 utinam
718 1882 818 1936 ipse
847 1882 1042 1924 fecisset.
1099 1882 1257 1934 Digna
1274 1882 1399 1924 enim
1421 1882 1514 1924 fuit

250 1947 333 1988 illa
351 1949 520 1988 natura
543 1960 660 2000 quae
689 1946 881 1988 meliora
900 1946 1053 1998 vellet,
1072 1959 1190 2000 quae
1218 1945 1342 2000 quod
1360 1945 1512 1989 voluit

250 2010 415 2054 effecit.
