1696 2638
237 163 322 206 104
527 160 647 196 INST.
679 161 887 196 ORATOR.
920 161 1004 204 XII,
1034 163 1066 204 2,
1097 163 1217 198 26-29.

236 273 286 316 in
322 276 570 328 utramque
606 276 788 328 partem
827 275 1081 317 disserendi
1119 275 1178 317 ad
1216 275 1501 319 exercitatio-

236 353 342 381 nem
363 339 618 381 forensium
638 353 884 381 causarum
903 340 1112 394 proxime
1133 339 1332 383 accedat.
1388 341 1502 382 Adi-

237 403 366 446 ciunt
385 403 485 445 loco
515 404 818 457 probationis,
839 404 963 458 quod
997 418 1049 446 ea
1079 405 1502 458 praestantissimos

236 468 286 510 in
332 468 596 521 eloquentia
641 469 766 511 viros
820 469 1028 511 ediderit.
1113 469 1500 523 Peripatetici

237 533 391 575 studio
422 547 603 587 quoque
623 548 670 576 se
702 534 904 587 quodam
927 534 1130 576 oratorio
1160 534 1359 586 iactant3
1392 549 1500 576 nam

235 597 379 639 thesis
399 597 549 640 dicere
578 598 923 640 exercitationis
951 598 1105 652 gratia
1134 599 1231 640 fere
1260 601 1328 640 est
1357 599 1415 640 ab
1444 599 1502 641 iis

235 662 518 705 institutum.
594 662 792 714 Stoici,
831 663 951 704 sicut
989 663 1170 716 copiam
1212 663 1502 717 nitoremque

236 726 523 780 eloquentiae
543 727 639 769 fere
668 727 1043 781 praeceptoribus
1063 728 1158 769 suis
1178 728 1379 770 defuisse
1399 742 1502 770 con-

236 791 399 833 cedant
428 805 609 834 necesse
635 793 716 843 est,
736 792 805 833 ita
834 791 986 833 nullos
1015 793 1097 833 aut
1126 792 1321 845 probare
1350 793 1502 835 acrius

179 861 223 896 26
236 857 317 897 aut
348 855 619 898 concludere
650 856 870 898 subtilius
904 856 1202 899 contendunt.
1271 857 1359 899 Sed
1388 857 1500 899 haec

235 919 358 961 inter
376 920 513 974 ipsos,
532 920 614 973 qui
634 920 763 963 velut
785 922 1072 962 sacramento
1093 921 1245 974 rogati
1265 921 1340 963 vel
1361 921 1501 963 etiam

235 984 561 1038 superstitione
595 985 834 1027 constricti
862 985 994 1027 nefas
1023 985 1200 1027 ducunt
1234 999 1261 1026 a
1290 988 1501 1039 suscepta

235 1048 375 1091 semel
411 1049 707 1103 persuasione
740 1049 994 1102 discedere3
1035 1049 1208 1091 oratori
1240 1063 1350 1091 vero
1380 1050 1500 1091 nihil

178 1122 223 1157 27
235 1115 303 1155 est
340 1126 520 1155 necesse
558 1113 609 1154 in
647 1113 921 1167 cuiusquam
954 1114 1108 1155 iurare
1141 1113 1277 1166 leges.
1347 1114 1501 1156 Maius

234 1177 358 1220 enim
388 1179 457 1220 est
490 1191 605 1231 opus
639 1180 777 1231 atque
810 1178 1138 1232 praestantius,
1157 1178 1216 1219 ad
1247 1178 1370 1231 quod
1402 1179 1501 1232 ipse

233 1242 398 1293 tendit,
424 1244 469 1284 et
500 1243 632 1284 cuius
667 1245 735 1285 est
757 1243 886 1285 velut
921 1243 1210 1294 candidatus,
1243 1243 1282 1284 si
1313 1242 1501 1296 quidem

234 1309 303 1349 est
349 1307 540 1349 futurus
587 1321 693 1349 cum
731 1308 856 1349 vitae
893 1309 996 1349 tum
1034 1308 1175 1349 etiam
1213 1306 1501 1360 eloquentiae

233 1371 370 1414 laude
419 1372 663 1426 perfectus.
740 1372 893 1425 Quare
930 1372 980 1413 in
1018 1371 1281 1425 exemplum
1319 1371 1499 1413 dicendi

233 1436 622 1478 facundissimum
653 1450 880 1489 quemque
918 1438 1144 1490 proponet
1183 1435 1272 1477 sibi
1303 1435 1362 1477 ad
1399 1435 1501 1477 imi-

208 1500 442 1562 ‘tandum,
462 1501 670 1543 moribus
690 1514 800 1542 vero
830 1501 1088 1542 formandis
1108 1515 1248 1554 quam
1275 1500 1502 1543 honestis-

234 1565 352 1607 sima
370 1567 627 1619 praecepta,
641 1565 1037 1618 rectissimamque
1053 1565 1112 1606 ad
1131 1565 1358 1607 virtutem
1373 1565 1500 1607 viam
1544 1572 1547 1575 '

234 1629 416 1683 deliget.
474 1630 818 1672 Exercitatione
847 1625 1035 1682 quidem
1063 1631 1224 1671 utetur
1252 1629 1393 1680 omni,
1422 1629 1501 1671 sed

232 1697 390 1738 tamen
423 1696 511 1738 erit
549 1695 781 1750 plurimus
814 1695 865 1737 in
898 1695 1115 1737 maximis
1148 1695 1409 1748 quibusque
1447 1708 1500 1736 ac

176 1762 402 1804 28natura
430 1759 768 1814 pulcherrimis.
828 1759 950 1801 Nam
978 1773 1096 1812 quae
1124 1760 1276 1813 potest
1305 1758 1501 1800 materia

233 1824 426 1878 reperiri
457 1824 515 1865 ad
544 1824 753 1877 graviter
782 1824 1052 1877 copioseque
1082 1823 1329 1865 dicendum
1349 1822 1500 1875 magis

234 1887 475 1929 abundans
522 1902 663 1941 quam
701 1888 756 1930 de
793 1888 984 1939 virtute,
1022 1887 1077 1929 de
1110 1901 1159 1929 re
1206 1886 1407 1940 publica,
1445 1886 1501 1928 de

233 1951 540 2005 providentia,
569 1951 624 1994 de
658 1952 837 2005 origine
871 1952 1146 2002 animorum,
1172 1951 1227 1993 de
1258 1950 1502 1992 amicitia?

235 2016 363 2058 Haec
383 2018 504 2067 sunt,
524 2017 693 2069 quibus
718 2030 849 2058 mens
878 2016 1054 2070 pariter
1084 2018 1222 2069 atque
1253 2014 1402 2056 oratio
1432 2014 1500 2055 in-

234 2082 451 2133 surgant:
495 2094 612 2133 quae
649 2094 761 2122 vera
797 2081 932 2131 bona,
965 2080 1078 2133 quid
1115 2079 1300 2132 mitiget
1337 2080 1502 2130 metus,

234 2146 438 2187 coerceat
463 2145 755 2198 cupiditates,
775 2145 948 2187 eximat
978 2158 1061 2186 nos
1082 2143 1379 2198 opinionibus
1399 2142 1501 2185 vul-

235 2209 282 2262 gi
304 2209 603 2262 animumque
623 2209 865 2251 caelestem
894 2243 903 2251 .
935 2242 943 2252 .
975 2242 984 2251 .

179 2288 223 2323 29
315 2273 476 2327 Neque
496 2287 549 2315 ea
568 2273 731 2324 solum,
751 2287 867 2326 quae
886 2273 1061 2314 talibus
1082 2272 1339 2326 disciplinis
1359 2271 1502 2314 conti-

236 2340 419 2392 nentur,
451 2338 528 2379 sed
559 2338 708 2393 magis
738 2338 893 2389 etiam,
923 2351 1040 2393 quae
1071 2339 1180 2379 sunt
1210 2337 1386 2381 tradita
1415 2349 1500 2380 an-
