<?xml version="1.0" encoding="UTF-8"?>
<!DOCTYPE html PUBLIC "-//W3C//DTD XHTML 1.0 Transitional//EN"
    "http://www.w3.org/TR/xhtml1/DTD/xhtml1-transitional.dtd">
<html xmlns="http://www.w3.org/1999/xhtml" xml:lang="en" lang="en">
 <head>
  <title>
</title>
<meta http-equiv="Content-Type" content="text/html;charset=utf-8" />
  <meta name='ocr-system' content='tesseract 3.04.00' />
  <meta name='ocr-capabilities' content='ocr_page ocr_carea ocr_par ocr_line ocrx_word'/>
</head>
<body>
  <div class='ocr_page' id='page_1' title='image "./tenthtwelfthbook00quinuoft_0038.png"; bbox 0 0 1696 2638; ppageno 0'>
   <div class='ocr_carea' id='block_1_1' title="bbox 248 164 1205 212">
    <p class='ocr_par' dir='ltr' id='par_1_1' title="bbox 248 164 1205 212">
     <span class='ocr_line' id='line_1_1' title="bbox 248 164 1205 212; baseline -0.002 -11"><span class='ocrx_word' id='word_1_1' title='bbox 248 169 306 212; x_wconf 81' lang='lat'>34</span> <span class='ocrx_word' id='word_1_2' title='bbox 560 165 681 201; x_wconf 78' lang='lat' dir='ltr'>ler.</span> <span class='ocrx_word' id='word_1_3' title='bbox 712 165 921 200; x_wconf 79' lang='lat' dir='ltr'><strong>ORATOR.</strong></span> <span class='ocrx_word' id='word_1_4' title='bbox 951 164 995 208; x_wconf 88' lang='lat' dir='ltr'>x,</span> <span class='ocrx_word' id='word_1_5' title='bbox 1027 168 1059 207; x_wconf 89' lang='lat'>1,</span> <span class='ocrx_word' id='word_1_6' title='bbox 1085 164 1205 199; x_wconf 80' lang='lat'><strong>32-35.</strong></span> 
     </span>
    </p>
   </div>
   <div class='ocr_carea' id='block_1_2' title="bbox 135 274 1587 2394">
    <p class='ocr_par' dir='ltr' id='par_1_2' title="bbox 249 274 1513 464">
     <span class='ocr_line' id='line_1_2' title="bbox 249 274 1512 335; baseline -0.002 -13"><span class='ocrx_word' id='word_1_7' title='bbox 249 294 343 322; x_wconf 93' lang='lat' dir='ltr'>non</span> <span class='ocrx_word' id='word_1_8' title='bbox 380 279 439 322; x_wconf 91' lang='lat' dir='ltr'>ad</span> <span class='ocrx_word' id='word_1_9' title='bbox 476 281 634 335; x_wconf 89' lang='lat' dir='ltr'>actum</span> <span class='ocrx_word' id='word_1_10' title='bbox 666 279 733 321; x_wconf 89' lang='lat' dir='ltr'>rei</span> <span class='ocrx_word' id='word_1_11' title='bbox 765 291 1063 333; x_wconf 81' lang='lat' dir='ltr'>pugnamque</span> <span class='ocrx_word' id='word_1_12' title='bbox 1102 278 1404 332; x_wconf 72' lang='lat' dir='ltr'>praesentem,</span> <span class='ocrx_word' id='word_1_13' title='bbox 1433 274 1512 319; x_wconf 86' lang='lat' dir='ltr'>sed</span> 
     </span>
     <span class='ocr_line' id='line_1_3' title="bbox 249 342 1512 397; baseline -0.004 -10"><span class='ocrx_word' id='word_1_14' title='bbox 249 345 309 387; x_wconf 89' lang='lat' dir='ltr'>ad</span> <span class='ocrx_word' id='word_1_15' title='bbox 328 342 599 387; x_wconf 81' lang='lat' dir='ltr'>memoriam</span> <span class='ocrx_word' id='word_1_16' title='bbox 629 343 915 397; x_wconf 70' lang='lat' dir='ltr'>posteritatis</span> <span class='ocrx_word' id='word_1_17' title='bbox 935 345 981 385; x_wconf 90' lang='lat' dir='ltr'>et</span> <span class='ocrx_word' id='word_1_18' title='bbox 999 342 1177 396; x_wconf 89' lang='lat' dir='ltr'>ingenii</span> <span class='ocrx_word' id='word_1_19' title='bbox 1196 342 1373 383; x_wconf 79' lang='lat' dir='ltr'>famam</span> <span class='ocrx_word' id='word_1_20' title='bbox 1392 355 1512 383; x_wconf 89' lang='lat' dir='ltr'>com-</span> 
     </span>
     <span class='ocr_line' id='line_1_4' title="bbox 249 405 1513 464; baseline -0.003 -13"><span class='ocrx_word' id='word_1_21' title='bbox 249 410 464 464; x_wconf 83' lang='lat' dir='ltr'>ponitur3</span> <span class='ocrx_word' id='word_1_22' title='bbox 494 409 688 462; x_wconf 89' lang='lat' dir='ltr'>ideoque</span> <span class='ocrx_word' id='word_1_23' title='bbox 708 410 753 450; x_wconf 92' lang='lat' dir='ltr'>et</span> <span class='ocrx_word' id='word_1_24' title='bbox 772 408 929 450; x_wconf 86' lang='lat' dir='ltr'>verbis</span> <span class='ocrx_word' id='word_1_25' title='bbox 947 406 1275 449; x_wconf 80' lang='lat' dir='ltr'>remotioribus</span> <span class='ocrx_word' id='word_1_26' title='bbox 1295 407 1341 448; x_wconf 93' lang='lat' dir='ltr'>et</span> <span class='ocrx_word' id='word_1_27' title='bbox 1358 405 1513 448; x_wconf 87' lang='lat' dir='ltr'>liberi-</span> 
     </span>
    </p>

    <p class='ocr_par' dir='ltr' id='par_1_3' title="bbox 195 470 1516 913">
     <span class='ocr_line' id='line_1_5' title="bbox 195 470 1515 526; baseline -0.003 -10"><span class='ocrx_word' id='word_1_28' title='bbox 195 483 238 517; x_wconf 82' lang='lat'>32</span> <span class='ocrx_word' id='word_1_29' title='bbox 251 474 409 516; x_wconf 92' lang='lat' dir='ltr'>oribus</span> <span class='ocrx_word' id='word_1_30' title='bbox 438 473 600 526; x_wconf 90' lang='lat' dir='ltr'>figuris</span> <span class='ocrx_word' id='word_1_31' title='bbox 633 472 855 513; x_wconf 89' lang='lat' dir='ltr'>narrandi</span> <span class='ocrx_word' id='word_1_32' title='bbox 884 471 1092 514; x_wconf 89' lang='lat' dir='ltr'>taedium</span> <span class='ocrx_word' id='word_1_33' title='bbox 1122 471 1279 513; x_wconf 84' lang='lat' dir='ltr'>evitat.</span> <span class='ocrx_word' id='word_1_34' title='bbox 1337 470 1515 523; x_wconf 85' lang='lat' dir='ltr'>Itaque,</span> 
     </span>
     <span class='ocr_line' id='line_1_6' title="bbox 249 533 1514 590; baseline -0.003 -11"><span class='ocrx_word' id='word_1_35' title='bbox 249 540 304 579; x_wconf 92' lang='lat' dir='ltr'>ut</span> <span class='ocrx_word' id='word_1_36' title='bbox 324 537 434 589; x_wconf 86' lang='lat' dir='ltr'>dixi,</span> <span class='ocrx_word' id='word_1_37' title='bbox 453 551 601 590; x_wconf 89' lang='lat' dir='ltr'>neque</span> <span class='ocrx_word' id='word_1_38' title='bbox 625 537 708 578; x_wconf 91' lang='lat' dir='ltr'>illa</span> <span class='ocrx_word' id='word_1_39' title='bbox 737 536 1019 580; x_wconf 84' lang='lat' dir='ltr'>Sallustiana</span> <span class='ocrx_word' id='word_1_40' title='bbox 1046 535 1264 586; x_wconf 82' lang='lat' dir='ltr'>brevitas,</span> <span class='ocrx_word' id='word_1_41' title='bbox 1283 548 1376 587; x_wconf 91' lang='lat' dir='ltr'>qua</span> <span class='ocrx_word' id='word_1_42' title='bbox 1393 533 1514 576; x_wconf 89' lang='lat' dir='ltr'>nihil</span> 
     </span>
     <span class='ocr_line' id='line_1_7' title="bbox 251 599 1515 656; baseline -0.003 -12"><span class='ocrx_word' id='word_1_43' title='bbox 251 602 375 656; x_wconf 90' lang='lat' dir='ltr'>apud</span> <span class='ocrx_word' id='word_1_44' title='bbox 416 615 550 643; x_wconf 90' lang='lat' dir='ltr'>aures</span> <span class='ocrx_word' id='word_1_45' title='bbox 588 614 760 643; x_wconf 88' lang='lat' dir='ltr'>vacuas</span> <span class='ocrx_word' id='word_1_46' title='bbox 799 602 938 653; x_wconf 89' lang='lat' dir='ltr'>atque</span> <span class='ocrx_word' id='word_1_47' title='bbox 976 599 1180 642; x_wconf 90' lang='lat' dir='ltr'>eruditas</span> <span class='ocrx_word' id='word_1_48' title='bbox 1225 600 1377 653; x_wconf 92' lang='lat' dir='ltr'>potest</span> <span class='ocrx_word' id='word_1_49' title='bbox 1418 611 1515 640; x_wconf 87' lang='lat' dir='ltr'>esse</span> 
     </span>
     <span class='ocr_line' id='line_1_8' title="bbox 251 662 1514 721; baseline -0.004 -12"><span class='ocrx_word' id='word_1_50' title='bbox 251 666 516 721; x_wconf 79' lang='lat' dir='ltr'>perfectius,</span> <span class='ocrx_word' id='word_1_51' title='bbox 535 665 660 720; x_wconf 91' lang='lat' dir='ltr'>apud</span> <span class='ocrx_word' id='word_1_52' title='bbox 683 667 959 718; x_wconf 91' lang='lat' dir='ltr'>occupatum</span> <span class='ocrx_word' id='word_1_53' title='bbox 978 664 1123 706; x_wconf 88' lang='lat' dir='ltr'>variis</span> <span class='ocrx_word' id='word_1_54' title='bbox 1152 662 1514 716; x_wconf 82' lang='lat' dir='ltr'>cogitationibus</span> 
     </span>
     <span class='ocr_line' id='line_1_9' title="bbox 252 727 1515 784; baseline -0.003 -11"><span class='ocrx_word' id='word_1_55' title='bbox 252 731 454 773; x_wconf 90' lang='lat' dir='ltr'>iudicem</span> <span class='ocrx_word' id='word_1_56' title='bbox 491 732 536 772; x_wconf 92' lang='lat' dir='ltr'>et</span> <span class='ocrx_word' id='word_1_57' title='bbox 573 730 755 784; x_wconf 87' lang='lat' dir='ltr'>saepius</span> <span class='ocrx_word' id='word_1_58' title='bbox 791 729 1080 771; x_wconf 91' lang='lat' dir='ltr'>ineruditum</span> <span class='ocrx_word' id='word_1_59' title='bbox 1117 727 1346 782; x_wconf 89' lang='lat' dir='ltr'>captanda</span> <span class='ocrx_word' id='word_1_60' title='bbox 1380 727 1515 769; x_wconf 88' lang='lat' dir='ltr'>nobis</span> 
     </span>
     <span class='ocr_line' id='line_1_10' title="bbox 253 792 1516 848; baseline -0.004 -10"><span class='ocrx_word' id='word_1_61' title='bbox 253 798 336 847; x_wconf 90' lang='lat' dir='ltr'>est,</span> <span class='ocrx_word' id='word_1_62' title='bbox 354 809 502 848; x_wconf 91' lang='lat' dir='ltr'>neque</span> <span class='ocrx_word' id='word_1_63' title='bbox 529 795 612 836; x_wconf 91' lang='lat' dir='ltr'>illa</span> <span class='ocrx_word' id='word_1_64' title='bbox 639 794 765 836; x_wconf 83' lang='lat' dir='ltr'>Livii</span> <span class='ocrx_word' id='word_1_65' title='bbox 793 793 941 835; x_wconf 87' lang='lat' dir='ltr'>lactea</span> <span class='ocrx_word' id='word_1_66' title='bbox 968 794 1156 835; x_wconf 88' lang='lat' dir='ltr'>ubertas</span> <span class='ocrx_word' id='word_1_67' title='bbox 1189 793 1302 835; x_wconf 84' lang='lat' dir='ltr'>satis</span> <span class='ocrx_word' id='word_1_68' title='bbox 1334 792 1516 834; x_wconf 84' lang='lat' dir='ltr'>docebit</span> 
     </span>
     <span class='ocr_line' id='line_1_11' title="bbox 254 856 1516 913; baseline -0.003 -11"><span class='ocrx_word' id='word_1_69' title='bbox 254 874 374 912; x_wconf 89' lang='lat' dir='ltr'>eum,</span> <span class='ocrx_word' id='word_1_70' title='bbox 411 860 493 913; x_wconf 91' lang='lat' dir='ltr'>qui</span> <span class='ocrx_word' id='word_1_71' title='bbox 529 873 623 901; x_wconf 92' lang='lat' dir='ltr'>non</span> <span class='ocrx_word' id='word_1_72' title='bbox 660 858 858 912; x_wconf 89' lang='lat' dir='ltr'>speciem</span> <span class='ocrx_word' id='word_1_73' title='bbox 904 857 1217 911; x_wconf 86' lang='lat' dir='ltr'>expositionis,</span> <span class='ocrx_word' id='word_1_74' title='bbox 1254 857 1332 899; x_wconf 86' lang='lat' dir='ltr'>sed</span> <span class='ocrx_word' id='word_1_75' title='bbox 1378 856 1516 898; x_wconf 90' lang='lat' dir='ltr'>fidem</span> 
     </span>
    </p>

    <p class='ocr_par' dir='ltr' id='par_1_4' title="bbox 135 921 1522 1488">
     <span class='ocr_line' id='line_1_12' title="bbox 135 921 1517 981; baseline -0.005 -12"><span class='ocrx_word' id='word_1_76' title='bbox 135 974 141 981; x_wconf 38' lang='grc'>,</span> <span class='ocrx_word' id='word_1_77' title='bbox 197 937 241 972; x_wconf 84' lang='grc'>33</span> <span class='ocrx_word' id='word_1_78' title='bbox 254 925 447 979; x_wconf 89' lang='lat' dir='ltr'>quaerit.</span> <span class='ocrx_word' id='word_1_79' title='bbox 505 923 638 965; x_wconf 87' lang='lat' dir='ltr'>Adde</span> <span class='ocrx_word' id='word_1_80' title='bbox 667 923 790 976; x_wconf 88' lang='lat' dir='ltr'>quod</span> <span class='ocrx_word' id='word_1_81' title='bbox 819 923 879 965; x_wconf 92' lang='lat' dir='ltr'>M.</span> <span class='ocrx_word' id='word_1_82' title='bbox 901 922 1084 964; x_wconf 90' lang='lat' dir='ltr'>Tullius</span> <span class='ocrx_word' id='word_1_83' title='bbox 1112 935 1169 964; x_wconf 95' lang='lat' dir='ltr'>ne</span> <span class='ocrx_word' id='word_1_84' title='bbox 1198 921 1517 976; x_wconf 84' lang='lat' dir='ltr'>Thucydidem</span> 
     </span>
     <span class='ocr_line' id='line_1_13' title="bbox 254 985 1519 1043; baseline -0.004 -12"><span class='ocrx_word' id='word_1_85' title='bbox 254 989 442 1043; x_wconf 91' lang='lat' dir='ltr'>quidem</span> <span class='ocrx_word' id='word_1_86' title='bbox 479 990 561 1029; x_wconf 93' lang='lat' dir='ltr'>aut</span> <span class='ocrx_word' id='word_1_87' title='bbox 594 987 951 1040; x_wconf 90' lang='lat' dir='ltr'>Xenophontem</span> <span class='ocrx_word' id='word_1_88' title='bbox 987 985 1128 1028; x_wconf 90' lang='lat' dir='ltr'>utiles</span> <span class='ocrx_word' id='word_1_89' title='bbox 1161 985 1333 1027; x_wconf 91' lang='lat' dir='ltr'>oratori</span> <span class='ocrx_word' id='word_1_90' title='bbox 1369 985 1519 1039; x_wconf 87' lang='lat' dir='ltr'>putat,</span> 
     </span>
     <span class='ocr_line' id='line_1_14' title="bbox 254 1050 1519 1108; baseline -0.003 -13"><span class='ocrx_word' id='word_1_91' title='bbox 254 1067 537 1108; x_wconf 90' lang='lat' dir='ltr'>quamquam</span> <span class='ocrx_word' id='word_1_92' title='bbox 565 1052 702 1093; x_wconf 92' lang='lat' dir='ltr'>illum</span> <span class='ocrx_word' id='word_1_93' title='bbox 730 1051 1008 1093; x_wconf 91' lang='lat' dir='ltr'>bellicum</span> <span class='ocrx_word' id='word_1_94' title='bbox 1037 1050 1422 1102; x_wconf 89' lang='lat' dir='ltr'>canere,huius</span> <span class='ocrx_word' id='word_1_95' title='bbox 1441 1062 1519 1091; x_wconf 88' lang='lat' dir='ltr'>ore</span> 
     </span>
     <span class='ocr_line' id='line_1_15' title="bbox 255 1115 1520 1161; baseline -0.005 0"><span class='ocrx_word' id='word_1_96' title='bbox 255 1119 447 1161; x_wconf 91' lang='lat' dir='ltr'>Musas</span> <span class='ocrx_word' id='word_1_97' title='bbox 479 1131 599 1159; x_wconf 89' lang='lat' dir='ltr'>esse</span> <span class='ocrx_word' id='word_1_98' title='bbox 628 1117 855 1158; x_wconf 90' lang='lat' dir='ltr'>locutas</span> <span class='ocrx_word' id='word_1_99' title='bbox 895 1115 1139 1158; x_wconf 87' lang='lat' dir='ltr'>existimet.</span> <span class='ocrx_word' id='word_1_100' title='bbox 1199 1115 1329 1156; x_wconf 88' lang='lat' dir='ltr'>Licet</span> <span class='ocrx_word' id='word_1_101' title='bbox 1362 1117 1520 1156; x_wconf 92' lang='lat' dir='ltr'>tamen</span> 
     </span>
     <span class='ocr_line' id='line_1_16' title="bbox 254 1179 1520 1235; baseline -0.005 -10"><span class='ocrx_word' id='word_1_102' title='bbox 254 1183 388 1225; x_wconf 89' lang='lat' dir='ltr'>nobis</span> <span class='ocrx_word' id='word_1_103' title='bbox 407 1183 458 1223; x_wconf 91' lang='lat' dir='ltr'>in</span> <span class='ocrx_word' id='word_1_104' title='bbox 477 1180 841 1235; x_wconf 87' lang='lat' dir='ltr'>digressionibus</span> <span class='ocrx_word' id='word_1_105' title='bbox 860 1180 932 1221; x_wconf 90' lang='lat' dir='ltr'>uti</span> <span class='ocrx_word' id='word_1_106' title='bbox 952 1179 1027 1222; x_wconf 84' lang='lat' dir='ltr'>vel</span> <span class='ocrx_word' id='word_1_107' title='bbox 1052 1179 1273 1221; x_wconf 87' lang='lat' dir='ltr'>historico</span> <span class='ocrx_word' id='word_1_108' title='bbox 1292 1192 1520 1220; x_wconf 92' lang='lat' dir='ltr'>nonnum-</span> 
     </span>
     <span class='ocr_line' id='line_1_17' title="bbox 255 1243 1521 1301; baseline -0.004 -12"><span class='ocrx_word' id='word_1_109' title='bbox 255 1261 396 1301; x_wconf 91' lang='lat' dir='ltr'>quam</span> <span class='ocrx_word' id='word_1_110' title='bbox 414 1246 578 1297; x_wconf 89' lang='lat' dir='ltr'>nitore,</span> <span class='ocrx_word' id='word_1_111' title='bbox 598 1245 710 1287; x_wconf 94' lang='lat' dir='ltr'>dum</span> <span class='ocrx_word' id='word_1_112' title='bbox 733 1245 784 1286; x_wconf 88' lang='lat' dir='ltr'>in</span> <span class='ocrx_word' id='word_1_113' title='bbox 813 1245 900 1296; x_wconf 88' lang='lat' dir='ltr'>his,</span> <span class='ocrx_word' id='word_1_114' title='bbox 920 1244 975 1286; x_wconf 89' lang='lat' dir='ltr'>de</span> <span class='ocrx_word' id='word_1_115' title='bbox 1001 1244 1171 1297; x_wconf 90' lang='lat' dir='ltr'>quibus</span> <span class='ocrx_word' id='word_1_116' title='bbox 1191 1243 1279 1285; x_wconf 90' lang='lat' dir='ltr'>erit</span> <span class='ocrx_word' id='word_1_117' title='bbox 1298 1243 1521 1296; x_wconf 85' lang='lat' dir='ltr'>quaestio,</span> 
     </span>
     <span class='ocr_line' id='line_1_18' title="bbox 254 1307 1521 1361; baseline -0.003 -8"><span class='ocrx_word' id='word_1_118' title='bbox 254 1310 616 1361; x_wconf 88' lang='lat' dir='ltr'>meminerimus,</span> <span class='ocrx_word' id='word_1_119' title='bbox 635 1323 729 1351; x_wconf 95' lang='lat' dir='ltr'>non</span> <span class='ocrx_word' id='word_1_120' title='bbox 748 1308 1032 1350; x_wconf 88' lang='lat' dir='ltr'>athletarum</span> <span class='ocrx_word' id='word_1_121' title='bbox 1054 1310 1193 1359; x_wconf 89' lang='lat' dir='ltr'>toros,</span> <span class='ocrx_word' id='word_1_122' title='bbox 1213 1307 1291 1350; x_wconf 89' lang='lat' dir='ltr'>sed</span> <span class='ocrx_word' id='word_1_123' title='bbox 1313 1307 1521 1349; x_wconf 83' lang='lat' dir='ltr'>militum</span> 
     </span>
     <span class='ocr_line' id='line_1_19' title="bbox 254 1371 1522 1429; baseline -0.004 -11"><span class='ocrx_word' id='word_1_124' title='bbox 254 1375 449 1418; x_wconf 88' lang='lat' dir='ltr'>lacertos</span> <span class='ocrx_word' id='word_1_125' title='bbox 489 1388 604 1429; x_wconf 91' lang='lat' dir='ltr'>opus</span> <span class='ocrx_word' id='word_1_126' title='bbox 642 1387 751 1425; x_wconf 86' lang='lat' dir='ltr'>esse,</span> <span class='ocrx_word' id='word_1_127' title='bbox 787 1387 870 1415; x_wconf 90' lang='lat' dir='ltr'>nec</span> <span class='ocrx_word' id='word_1_128' title='bbox 898 1373 1222 1415; x_wconf 86' lang='lat' dir='ltr'>versicolorem</span> <span class='ocrx_word' id='word_1_129' title='bbox 1254 1371 1400 1423; x_wconf 84' lang='lat' dir='ltr'>illam,</span> <span class='ocrx_word' id='word_1_130' title='bbox 1429 1385 1522 1425; x_wconf 82' lang='lat' dir='ltr'>qua</span> 
     </span>
     <span class='ocr_line' id='line_1_20' title="bbox 256 1436 1522 1488; baseline -0.003 -6"><span class='ocrx_word' id='word_1_131' title='bbox 256 1440 519 1483; x_wconf 89' lang='lat' dir='ltr'>Demetrius</span> <span class='ocrx_word' id='word_1_132' title='bbox 543 1439 794 1481; x_wconf 90' lang='lat' dir='ltr'>Phalereus</span> <span class='ocrx_word' id='word_1_133' title='bbox 823 1438 1063 1479; x_wconf 89' lang='lat' dir='ltr'>dicebatur</span> <span class='ocrx_word' id='word_1_134' title='bbox 1090 1437 1177 1488; x_wconf 87' lang='lat' dir='ltr'>uti,</span> <span class='ocrx_word' id='word_1_135' title='bbox 1202 1438 1379 1479; x_wconf 86' lang='lat' dir='ltr'>vestem</span> <span class='ocrx_word' id='word_1_136' title='bbox 1406 1436 1522 1478; x_wconf 86' lang='lat' dir='ltr'>bene</span> 
     </span>
    </p>

    <p class='ocr_par' dir='ltr' id='par_1_5' title="bbox 199 1500 1587 2008">
     <span class='ocr_line' id='line_1_21' title="bbox 199 1500 1523 1558; baseline -0.002 -13"><span class='ocrx_word' id='word_1_137' title='bbox 199 1510 244 1545; x_wconf 84' lang='lat'>34</span> <span class='ocrx_word' id='word_1_138' title='bbox 256 1505 563 1548; x_wconf 81' lang='lat' dir='ltr'>adforensem</span> <span class='ocrx_word' id='word_1_139' title='bbox 582 1503 823 1558; x_wconf 86' lang='lat' dir='ltr'>pulverem</span> <span class='ocrx_word' id='word_1_140' title='bbox 843 1503 1005 1544; x_wconf 78' lang='lat' dir='ltr'>facere.</span> <span class='ocrx_word' id='word_1_141' title='bbox 1046 1502 1132 1544; x_wconf 87' lang='lat' dir='ltr'>Est</span> <span class='ocrx_word' id='word_1_142' title='bbox 1151 1504 1197 1544; x_wconf 92' lang='lat' dir='ltr'>et</span> <span class='ocrx_word' id='word_1_143' title='bbox 1215 1500 1337 1543; x_wconf 89' lang='lat' dir='ltr'>alius</span> <span class='ocrx_word' id='word_1_144' title='bbox 1355 1514 1413 1543; x_wconf 87' lang='lat' dir='ltr'>ex</span> <span class='ocrx_word' id='word_1_145' title='bbox 1430 1501 1523 1542; x_wconf 78' lang='lat' dir='ltr'>his-</span> 
     </span>
     <span class='ocr_line' id='line_1_22' title="bbox 255 1564 1523 1621; baseline -0.004 -9"><span class='ocrx_word' id='word_1_146' title='bbox 255 1570 389 1613; x_wconf 84' lang='lat' dir='ltr'>toriis</span> <span class='ocrx_word' id='word_1_147' title='bbox 425 1583 537 1611; x_wconf 90' lang='lat' dir='ltr'>usus</span> <span class='ocrx_word' id='word_1_148' title='bbox 575 1571 620 1611; x_wconf 90' lang='lat' dir='ltr'>et</span> <span class='ocrx_word' id='word_1_149' title='bbox 648 1569 688 1610; x_wconf 92' lang='lat' dir='ltr'>is</span> <span class='ocrx_word' id='word_1_150' title='bbox 714 1567 901 1621; x_wconf 89' lang='lat' dir='ltr'>quidem</span> <span class='ocrx_word' id='word_1_151' title='bbox 930 1567 1177 1618; x_wconf 88' lang='lat' dir='ltr'>maximus,</span> <span class='ocrx_word' id='word_1_152' title='bbox 1215 1565 1293 1608; x_wconf 87' lang='lat' dir='ltr'>sed</span> <span class='ocrx_word' id='word_1_153' title='bbox 1330 1578 1426 1607; x_wconf 94' lang='lat' dir='ltr'>non</span> <span class='ocrx_word' id='word_1_154' title='bbox 1463 1564 1523 1608; x_wconf 83' lang='lat' dir='ltr'>ad</span> 
     </span>
     <span class='ocr_line' id='line_1_23' title="bbox 255 1629 1587 1690; baseline -0.005 -14"><span class='ocrx_word' id='word_1_155' title='bbox 255 1636 542 1690; x_wconf 89' lang='lat' dir='ltr'>praesentem</span> <span class='ocrx_word' id='word_1_156' title='bbox 581 1633 817 1687; x_wconf 90' lang='lat' dir='ltr'>pertinens</span> <span class='ocrx_word' id='word_1_157' title='bbox 853 1631 1022 1682; x_wconf 88' lang='lat' dir='ltr'>locum,</span> <span class='ocrx_word' id='word_1_158' title='bbox 1058 1645 1115 1672; x_wconf 92' lang='lat' dir='ltr'>ex</span> <span class='ocrx_word' id='word_1_159' title='bbox 1153 1629 1416 1683; x_wconf 85' lang='lat' dir='ltr'>cognitione</span> <span class='ocrx_word' id='word_1_160' title='bbox 1454 1642 1523 1671; x_wconf 88' lang='lat' dir='ltr'>re·</span> <span class='ocrx_word' id='word_1_161' title='bbox 1559 1652 1587 1665; x_wconf 50' lang='lat' dir='ltr'>w</span> 
     </span>
     <span class='ocr_line' id='line_1_24' title="bbox 256 1693 1524 1752; baseline -0.006 -10"><span class='ocrx_word' id='word_1_162' title='bbox 256 1713 363 1742; x_wconf 92' lang='lat' dir='ltr'>rum</span> <span class='ocrx_word' id='word_1_163' title='bbox 382 1697 803 1752; x_wconf 85' lang='lat' dir='ltr'>exemplorumque,</span> <span class='ocrx_word' id='word_1_164' title='bbox 817 1695 988 1749; x_wconf 91' lang='lat' dir='ltr'>quibus</span> <span class='ocrx_word' id='word_1_165' title='bbox 1007 1694 1238 1749; x_wconf 89' lang='lat' dir='ltr'>imprimis</span> <span class='ocrx_word' id='word_1_166' title='bbox 1265 1693 1524 1736; x_wconf 88' lang='lat' dir='ltr'>instructus</span> 
     </span>
     <span class='ocr_line' id='line_1_25' title="bbox 257 1758 1524 1813; baseline -0.006 -7"><span class='ocrx_word' id='word_1_167' title='bbox 257 1778 352 1807; x_wconf 92' lang='lat' dir='ltr'>esse</span> <span class='ocrx_word' id='word_1_168' title='bbox 372 1763 506 1805; x_wconf 90' lang='lat' dir='ltr'>debet</span> <span class='ocrx_word' id='word_1_169' title='bbox 534 1764 703 1813; x_wconf 88' lang='lat' dir='ltr'>orator,</span> <span class='ocrx_word' id='word_1_170' title='bbox 721 1775 779 1803; x_wconf 92' lang='lat' dir='ltr'>ne</span> <span class='ocrx_word' id='word_1_171' title='bbox 798 1760 955 1802; x_wconf 87' lang='lat' dir='ltr'>omnia</span> <span class='ocrx_word' id='word_1_172' title='bbox 981 1758 1248 1802; x_wconf 88' lang='lat' dir='ltr'>testimonia</span> <span class='ocrx_word' id='word_1_173' title='bbox 1266 1759 1474 1812; x_wconf 88' lang='lat' dir='ltr'>expectet</span> <span class='ocrx_word' id='word_1_174' title='bbox 1495 1770 1524 1799; x_wconf 86' lang='lat' dir='ltr'>a</span> 
     </span>
     <span class='ocr_line' id='line_1_26' title="bbox 255 1821 1524 1881; baseline -0.006 -11"><span class='ocrx_word' id='word_1_175' title='bbox 255 1828 507 1881; x_wconf 86' lang='lat' dir='ltr'>litigatore,</span> <span class='ocrx_word' id='word_1_176' title='bbox 541 1826 618 1868; x_wconf 89' lang='lat' dir='ltr'>sed</span> <span class='ocrx_word' id='word_1_177' title='bbox 651 1826 871 1880; x_wconf 90' lang='lat' dir='ltr'>pleraque</span> <span class='ocrx_word' id='word_1_178' title='bbox 909 1838 966 1866; x_wconf 92' lang='lat' dir='ltr'>ex</span> <span class='ocrx_word' id='word_1_179' title='bbox 1001 1825 1233 1866; x_wconf 86' lang='lat' dir='ltr'>vetustate</span> <span class='ocrx_word' id='word_1_180' title='bbox 1275 1821 1524 1875; x_wconf 86' lang='lat' dir='ltr'>diligenter</span> 
     </span>
     <span class='ocr_line' id='line_1_27' title="bbox 258 1885 1525 1945; baseline -0.006 -9"><span class='ocrx_word' id='word_1_181' title='bbox 258 1893 348 1936; x_wconf 87' lang='lat' dir='ltr'>sibi</span> <span class='ocrx_word' id='word_1_182' title='bbox 378 1892 564 1945; x_wconf 88' lang='lat' dir='ltr'>cognita</span> <span class='ocrx_word' id='word_1_183' title='bbox 593 1892 760 1942; x_wconf 89' lang='lat' dir='ltr'>sumat,</span> <span class='ocrx_word' id='word_1_184' title='bbox 778 1890 865 1932; x_wconf 92' lang='lat' dir='ltr'>hoc</span> <span class='ocrx_word' id='word_1_185' title='bbox 897 1889 1171 1944; x_wconf 88' lang='lat' dir='ltr'>potentiora,</span> <span class='ocrx_word' id='word_1_186' title='bbox 1190 1886 1314 1941; x_wconf 90' lang='lat' dir='ltr'>quod</span> <span class='ocrx_word' id='word_1_187' title='bbox 1341 1900 1395 1929; x_wconf 88' lang='lat' dir='ltr'>ea</span> <span class='ocrx_word' id='word_1_188' title='bbox 1427 1885 1525 1928; x_wconf 80' lang='lat' dir='ltr'>sola</span> 
     </span>
     <span class='ocr_line' id='line_1_28' title="bbox 258 1954 1111 2008; baseline -0.006 -7"><span class='ocrx_word' id='word_1_189' title='bbox 258 1957 534 2001; x_wconf 87' lang='lat' dir='ltr'>criminibus</span> <span class='ocrx_word' id='word_1_190' title='bbox 554 1956 649 1998; x_wconf 90' lang='lat' dir='ltr'>odii</span> <span class='ocrx_word' id='word_1_191' title='bbox 668 1957 714 1998; x_wconf 91' lang='lat' dir='ltr'>et</span> <span class='ocrx_word' id='word_1_192' title='bbox 733 1954 911 2008; x_wconf 89' lang='lat' dir='ltr'>gratiae</span> <span class='ocrx_word' id='word_1_193' title='bbox 930 1955 1111 1996; x_wconf 87' lang='lat' dir='ltr'>vacant.</span> 
     </span>
    </p>

    <p class='ocr_par' dir='ltr' id='par_1_6' title="bbox 201 2015 1539 2394">
     <span class='ocr_line' id='line_1_29' title="bbox 201 2015 1525 2076; baseline -0.006 -12"><span class='ocrx_word' id='word_1_194' title='bbox 201 2034 246 2068; x_wconf 87' lang='lat'>35</span> <span class='ocrx_word' id='word_1_195' title='bbox 269 2034 314 2047; x_wconf 79' lang='lat'>··</span> <span class='ocrx_word' id='word_1_196' title='bbox 338 2023 385 2064; x_wconf 91' lang='lat' dir='ltr'>A</span> <span class='ocrx_word' id='word_1_197' title='bbox 412 2020 895 2076; x_wconf 89' lang='lat' dir='ltr'>philosophorum</span> <span class='ocrx_word' id='word_1_198' title='bbox 923 2031 1032 2060; x_wconf 85' lang='lat' dir='ltr'>vero</span> <span class='ocrx_word' id='word_1_199' title='bbox 1063 2016 1260 2059; x_wconf 88' lang='lat' dir='ltr'>lectione</span> <span class='ocrx_word' id='word_1_200' title='bbox 1287 2016 1342 2057; x_wconf 89' lang='lat' dir='ltr'>ut</span> <span class='ocrx_word' id='word_1_201' title='bbox 1374 2015 1525 2057; x_wconf 89' lang='lat' dir='ltr'>essent</span> 
     </span>
     <span class='ocr_line' id='line_1_30' title="bbox 259 2081 1580 2147; baseline -0.007 -18"><span class='ocrx_word' id='word_1_202' title='bbox 259 2087 410 2129; x_wconf 90' lang='lat' dir='ltr'>multa</span> <span class='ocrx_word' id='word_1_203' title='bbox 428 2085 563 2128; x_wconf 88' lang='lat' dir='ltr'>nobis</span> <span class='ocrx_word' id='word_1_204' title='bbox 591 2083 802 2139; x_wconf 90' lang='lat' dir='ltr'>petenda,</span> <span class='ocrx_word' id='word_1_205' title='bbox 821 2082 940 2125; x_wconf 86' lang='lat' dir='ltr'>vitio</span> <span class='ocrx_word' id='word_1_206' title='bbox 968 2082 1147 2124; x_wconf 83' lang='lat' dir='ltr'>factum</span> <span class='ocrx_word' id='word_1_207' title='bbox 1175 2082 1244 2122; x_wconf 90' lang='lat' dir='ltr'>est</span> <span class='ocrx_word' id='word_1_208' title='bbox 1262 2081 1580 2147; x_wconf 56' lang='lat' dir='ltr'>OPafiOQlV</span> 
     </span>
     <span class='ocr_line' id='line_1_31' title="bbox 260 2134 1525 2204; baseline -0.006 -11"><span class='ocrx_word' id='word_1_209' title='bbox 260 2151 341 2204; x_wconf 90' lang='lat' dir='ltr'>qui</span> <span class='ocrx_word' id='word_1_210' title='bbox 378 2150 566 2204; x_wconf 90' lang='lat' dir='ltr'>quidem</span> <span class='ocrx_word' id='word_1_211' title='bbox 608 2148 704 2190; x_wconf 89' lang='lat' dir='ltr'>illis</span> <span class='ocrx_word' id='word_1_212' title='bbox 734 2147 911 2201; x_wconf 90' lang='lat' dir='ltr'>optima</span> <span class='ocrx_word' id='word_1_213' title='bbox 941 2146 1014 2188; x_wconf 89' lang='lat' dir='ltr'>sui</span> <span class='ocrx_word' id='word_1_214' title='bbox 1044 2134 1202 2199; x_wconf 79' lang='lat' dir='ltr'>opens</span> <span class='ocrx_word' id='word_1_215' title='bbox 1215 2137 1525 2202; x_wconf 58' lang='grc' dir='ltr'>ῥὰιᾟῖὄόεεθ-</span> 
     </span>
     <span class='ocr_line' id='line_1_32' title="bbox 260 2207 1525 2263; baseline -0.006 -6"><span class='ocrx_word' id='word_1_216' title='bbox 260 2214 563 2261; x_wconf 55' lang='lat' dir='ltr'>runt.„Nam</span> <span class='ocrx_word' id='word_1_217' title='bbox 583 2215 628 2255; x_wconf 87' lang='lat' dir='ltr'>et</span> <span class='ocrx_word' id='word_1_218' title='bbox 656 2213 711 2254; x_wconf 95' lang='lat' dir='ltr'>de</span> <span class='ocrx_word' id='word_1_219' title='bbox 740 2212 891 2263; x_wconf 88' lang='lat' dir='ltr'>iustis,</span> <span class='ocrx_word' id='word_1_220' title='bbox 909 2210 1128 2261; x_wconf 89' lang='lat' dir='ltr'>honestis,</span> <span class='ocrx_word' id='word_1_221' title='bbox 1147 2207 1388 2260; x_wconf 89' lang='lat' dir='ltr'>utilibus,</span> <span class='ocrx_word' id='word_1_222' title='bbox 1375 2208 1525 2262; x_wconf 78' lang='lat' dir='ltr'>iisque</span> 
     </span>
     <span class='ocr_line' id='line_1_33' title="bbox 260 2271 1526 2333; baseline -0.006 -11"><span class='ocrx_word' id='word_1_223' title='bbox 260 2293 377 2333; x_wconf 90' lang='lat' dir='ltr'>quae</span> <span class='ocrx_word' id='word_1_224' title='bbox 397 2279 491 2321; x_wconf 90' lang='lat' dir='ltr'>sint</span> <span class='ocrx_word' id='word_1_225' title='bbox 510 2278 613 2320; x_wconf 88' lang='lat' dir='ltr'>istis</span> <span class='ocrx_word' id='word_1_226' title='bbox 632 2276 877 2327; x_wconf 89' lang='lat' dir='ltr'>contraria,</span> <span class='ocrx_word' id='word_1_227' title='bbox 892 2277 937 2317; x_wconf 90' lang='lat' dir='ltr'>et</span> <span class='ocrx_word' id='word_1_228' title='bbox 957 2275 1012 2317; x_wconf 89' lang='lat' dir='ltr'>de</span> <span class='ocrx_word' id='word_1_229' title='bbox 1031 2274 1169 2316; x_wconf 90' lang='lat' dir='ltr'>rebus</span> <span class='ocrx_word' id='word_1_230' title='bbox 1187 2272 1361 2315; x_wconf 88' lang='lat' dir='ltr'>divinis</span> <span class='ocrx_word' id='word_1_231' title='bbox 1379 2271 1526 2315; x_wconf 80' lang='lat' dir='ltr'>maxi-</span> 
     </span>
     <span class='ocr_line' id='line_1_34' title="bbox 260 2336 1526 2394; baseline -0.006 -8"><span class='ocrx_word' id='word_1_232' title='bbox 260 2356 335 2386; x_wconf 90' lang='lat' dir='ltr'>me</span> <span class='ocrx_word' id='word_1_233' title='bbox 363 2343 525 2385; x_wconf 88' lang='lat' dir='ltr'>dicunt</span> <span class='ocrx_word' id='word_1_234' title='bbox 553 2344 599 2384; x_wconf 92' lang='lat' dir='ltr'>et</span> <span class='ocrx_word' id='word_1_235' title='bbox 627 2341 1016 2394; x_wconf 86' lang='lat' dir='ltr'>argumentantur</span> <span class='ocrx_word' id='word_1_236' title='bbox 1041 2338 1233 2390; x_wconf 83' lang='lat' dir='ltr'>acriter3</span> <span class='ocrx_word' id='word_1_237' title='bbox 1261 2339 1308 2380; x_wconf 88' lang='lat' dir='ltr'>et</span> <span class='ocrx_word' id='word_1_238' title='bbox 1334 2336 1526 2379; x_wconf 55' lang='lat' dir='ltr'>altercar</span> 
     </span>
    </p>
   </div>
  </div>
 </body>
</html>
