1696 2638
462 175 583 211 INST.
616 175 823 211 ORATOR.
854 174 898 218 X,
931 177 960 217 1,
993 175 1111 211 75-80.
1367 175 1424 218 43

155 290 385 334 infirmior
403 290 472 332 ita
490 290 785 343 aliquatenus
804 289 1015 332 lucidior.
1038 278 1042 282 ⁵
1072 288 1352 343 Ephorus,
1371 289 1425 329 ut

156 356 349 399 Isocrati
370 356 539 406 visum,
559 355 818 397 calcaribus
837 356 952 408 eget.
1011 353 1303 397 Clitarchi
1322 366 1425 407 pro·
1438 358 1481 394 ’75

155 422 295 464 batur
332 421 588 474 ingenium,
626 420 737 462 fides
774 419 1045 461 infamatur.
1112 418 1276 472 Longo
1321 419 1425 472 post

155 486 404 528 intervallo
442 485 664 539 temporis
693 487 832 526 natus
861 484 1204 537 Timagenes
1234 482 1310 525 vel
1337 483 1424 524 hoc

155 553 224 593 est
251 551 352 605 ipso
390 550 660 605 probabilis,
689 549 810 604 quod
849 548 1165 591 intermissam
1202 548 1423 590 historias

156 616 386 658 scribendi
446 615 725 657 industriam
787 628 911 657 nova
969 613 1106 656 laude
1171 612 1422 667 reparavit.

156 680 475 734 Xenophon
503 694 597 722 non
617 679 788 722 excidit
816 679 949 731 mihi,
968 678 1047 722 sed
1074 679 1198 721 inter
1224 677 1425 733 philoso-

155 745 272 800 phos
290 745 550 787 reddendus
569 747 649 787 est.

237 810 455 863 Sequitur
489 811 785 851 oratorum
821 809 987 868 ingens
1023 822 1204 860 manus,
1232 809 1288 850 ut
1316 821 1424 850 cum
1438 813 1482 848 ’76

156 874 312 917 decem
332 874 472 916 simul
492 874 693 916 Athenis
705 875 838 916 aetas
857 880 953 917 una
979 867 1178 916 tulerfff
1213 872 1426 927 Quorum

156 940 293 994 longe
339 940 553 994 princeps
601 918 914 981 Derffisflffi
917 952 1016 980 nes
1062 951 1115 980 ac
1143 951 1305 992 -paflne
1350 937 1427 980 lex

157 1004 329 1060 orandi
340 1004 458 1057 fuit;
487 1006 620 1046 tanta
640 1004 713 1045 vis
735 1003 872 1054 ineo,
891 1004 990 1044 tam
1010 1002 1152 1045 densa
1171 1002 1340 1054 omnia,
1359 1002 1428 1044 ita

156 1068 437 1122 quibusdam
466 1068 625 1110 nervis
662 1068 844 1110 intenta
877 1069 1001 1119 sunt,
1028 1069 1128 1110 tam
1159 1067 1282 1109 nihil
1313 1067 1428 1110 otio-

157 1147 275 1191 sum,
305 1133 345 1175 is
373 1133 556 1175 dicendi
586 1132 765 1184 modus,
794 1134 848 1173 ut
878 1145 961 1174 nec
992 1131 1116 1185 quod
1149 1131 1268 1174 desit
1295 1131 1347 1173 in
1374 1145 1427 1174 eo

157 1204 239 1240 nec
277 1197 400 1251 quod
437 1197 664 1240 redundet
697 1197 946 1257 inveni—as.mv
972 1197 1168 1240 &Plenior
1195 1197 1425 1239 Aeschi-
1441 1203 1485 1238 ’77

157 1276 254 1304 nes
300 1265 346 1304 et
382 1262 534 1316 magis
571 1263 705 1304 fusus
743 1264 788 1304 et
836 1261 1077 1315 grandiori
1116 1261 1298 1313 similis,
1335 1274 1428 1315 quo

156 1328 313 1370 minus
336 1329 526 1371 strictus
545 1331 638 1381 est3
668 1327 820 1370 carnis
848 1330 1006 1370 tamen
1034 1327 1141 1381 plus
1168 1327 1323 1378 habet,
1342 1326 1428 1368 mi-

158 1407 247 1435 nus
291 1393 583 1436 lacertorum.
660 1393 822 1435 Dulcis
862 1392 914 1434 in
959 1392 1125 1446 primis
1171 1393 1218 1433 et
1263 1392 1429 1433 acutus

159 1457 501 1512 Hyperides,
529 1458 607 1500 sed
635 1457 898 1499 minoribus
925 1456 1091 1508 causis,
1109 1458 1164 1497 ut
1191 1469 1286 1497 non
1304 1455 1429 1497 dixe-

157 1522 249 1564 rim
268 1522 445 1574 utilior,
463 1522 615 1575 magis
643 1536 739 1576 par.
797 1521 887 1563 His
906 1523 1056 1563 aetate
1081 1520 1288 1574 Lysias
1316 1519 1429 1561 mai·
1442 1526 1485 1560 ’78

158 1601 224 1638 or,
243 1587 431 1630 subtilis
459 1589 598 1640 atque
626 1587 813 1640 elegans
842 1588 889 1628 et
917 1599 1008 1639 quo
1038 1585 1173 1636 nihil,
1193 1585 1233 1626 si
1256 1584 1430 1626 oratori

159 1652 273 1694 satis
301 1652 362 1694 sit
390 1652 565 1703 docere,
593 1665 788 1705 quaeras
818 1650 1084 1705 perfectius.
1142 1649 1276 1703 Nihil
1305 1649 1431 1691 enim

159 1718 228 1759 est
274 1716 426 1768 inane,
462 1715 582 1758 nihil
621 1716 917 1767 arcessitum3
959 1728 1078 1769 puro
1118 1715 1276 1756 tamen
1308 1713 1431 1756 fonti

159 1795 302 1834 quam
320 1795 492 1834 magno
511 1780 695 1822 flumini
715 1779 916 1834 propior.
974 1779 1266 1821 Isocrates
1294 1777 1345 1820 in
1364 1778 1431 1820 di·
1443 1785 1487 1821 '79

161 1859 294 1887 verso
314 1859 479 1899 genere
498 1844 682 1887 dicendi
701 1844 881 1886 nitidus
900 1845 946 1885 et
969 1846 1182 1897 comptus
1207 1844 1253 1885 et
1280 1842 1431 1897 palae-

161 1912 284 1952 strae
311 1924 452 1964 quam
484 1922 670 1963 pugnae
697 1909 849 1962 magis
877 1908 1252 1950 accommodatus
1280 1907 1432 1950 omnis

161 1975 345 2018 dicendi
364 1988 553 2017 veneres
581 1976 782 2016 sectatus
802 1975 884 2025 est,
902 1987 986 2015 nec
1014 1973 1274 2026 immerit03
1302 1973 1432 2015 audi-

161 2040 296 2082 toriis
314 2040 439 2082 enim
459 2053 519 2091 se,
538 2053 632 2081 non
651 2038 838 2080 iudiciis
857 2040 1173 2092 compararat3
1201 2038 1253 2079 in
1271 2038 1431 2080 inven-

161 2105 288 2147 tione
321 2104 488 2156 facilis,
519 2103 702 2146 honesti
735 2103 984 2154 studiosus,
1015 2103 1067 2144 in
1099 2102 1431 2157 compositione

163 2169 276 2211 adeo
304 2169 517 2222 diligens,
545 2171 599 2210 ut
629 2182 742 2210 cura
769 2168 869 2210 eius
896 2167 1275 2221 reprehendatur.
1344 2167 1433 2209 Ne·
1444 2171 1489 2207 80

164 2247 253 2287 que
278 2247 363 2287 ego
391 2234 442 2275 in
469 2234 558 2285 his,
576 2233 632 2275 de
660 2233 832 2286 quibus
859 2232 1043 2275 locutus
1063 2246 1181 2284 sum,
1199 2232 1284 2274 has
1313 2231 1434 2274 solas

165 2298 378 2349 virtutes,
398 2297 476 2340 sed
498 2298 583 2339 has
602 2297 874 2351 praecipuas
895 2299 1031 2351 puto,
1049 2310 1133 2338 nec
1153 2298 1328 2338 ceteros
1355 2309 1434 2350 pa-

163 2375 272 2404 rum
301 2362 446 2404 fuisse
475 2375 681 2416 magnos.
739 2361 866 2415 Quin
895 2362 1038 2404 etiam
1069 2355 1352 2403 Phalerea
1378 2359 1434 2402 il-
