1696 2638
289 191 347 234 30
604 189 725 223 mss.
757 188 965 223 ORATOR.
996 188 1040 231 x,
1073 190 1102 231 1,
1131 189 1249 224 12-17.

290 317 407 356 quae
427 303 610 344 etiamsi
629 302 817 356 propria
835 316 994 344 rerum
1013 302 1277 355 aliquarum
1297 302 1390 343 sint
1410 302 1554 345 nomi-

290 382 364 419 na,
382 370 566 418 τροπικῶς
589 366 766 420 [quasi]
786 369 943 409 tamen
962 367 1021 409 ad
1044 367 1240 409 eundem
1267 366 1556 410 intellectum

236 439 277 473 12
291 431 520 481 feruntur,
566 433 620 472 ut
665 432 677 450 ‘
692 431 892 473 ferrum'
930 433 976 473 et
1021 432 1233 474 ‘mucr0.'
1307 431 1428 473 Nam
1474 445 1556 486 per

290 496 559 537 abusionem
587 496 599 514 ‘
613 495 826 537 siearios'
859 495 1000 537 etiam
1033 495 1183 537 omnis
1211 509 1446 547 vocamus,
1474 497 1555 549 qui

290 559 475 601 caedem
507 559 598 601 telo
627 573 917 612 quocumque
946 559 1272 602 commiserint.
1330 559 1441 601 Alia
1469 561 1555 602 cir-

290 624 420 665 cuitu
458 623 707 665 verborum
744 623 951 677 plurium
989 623 1287 675 ostendimus,
1318 624 1453 677 quale
1486 626 1554 667 est

288 689 359 730 ‘et
386 689 531 742 pressi
552 689 684 742 copia
710 688 872 730 lactis.'
929 688 1139 730 Plurima
1157 702 1267 730 vero
1296 689 1554 731 mutatione

289 753 567 806 figuramus:
597 754 609 772 ‘
622 753 742 803 scio,'
761 753 773 771 ‘
786 766 879 794 non
902 753 1066 805 ignoro
1079 753 1090 771 ³
1110 755 1155 794 et
1174 753 1186 771 ‘
1198 767 1292 794 non
1310 766 1384 795 me
1403 753 1530 806 fugit
1542 754 1554 772 ³

289 819 334 859 et
353 819 364 836 ‘
377 831 471 859 non
490 831 563 859 me
582 817 803 871 praeterit
815 818 826 836 ’
846 819 891 859 et
910 818 1036 870 ‘quis
1055 817 1225 859 nescit'
1244 819 1262 859 Ρ
1290 819 1335 859 et
1354 819 1365 836 ‘
1378 818 1554 859 nemini

235 890 276 923 13
289 882 484 924 dubium
500 883 594 924 est.'
642 881 729 924 Sed
749 882 889 923 etiam
904 895 960 923 ex
978 882 1190 935 proximo
1204 882 1411 923 mutuari
1426 882 1552 925 libet.

290 947 411 988 Nam
444 949 489 988 et
521 946 790 999 ‘intellego'
819 948 864 987 et
896 946 1093 988 ‘sentio'
1126 949 1171 988 et
1203 946 1388 988 ‘video'
1421 960 1554 1000 saepe

288 1011 411 1053 idem
439 1011 597 1053 valent
626 1010 748 1064 quod
768 1011 914 1053 ‘scio.'
971 1010 1186 1064 Quorum
1209 1010 1343 1052 nobis
1371 1010 1554 1053 uberta-

287 1078 383 1118 tem
397 1090 450 1118 ac
470 1076 661 1117 divitias
692 1075 822 1116 dabit
841 1075 992 1126 lectio,
1010 1077 1064 1116 ut
1084 1089 1177 1117 non
1197 1074 1347 1117 solum
1367 1089 1554 1128 quomo-

288 1139 348 1181 do
377 1143 631 1190 occurrent,
651 1139 729 1181 sed
749 1140 889 1181 etiam
905 1139 1132 1192 quomodo
1152 1141 1333 1193 oportet
1351 1141 1552 1184 utamur.

234 1211 277 1246 14
289 1204 395 1245 Non
418 1218 595 1257 semper
615 1204 738 1245 enim
766 1204 878 1245 haec
898 1204 1019 1246 inter
1039 1218 1086 1246 se
1113 1204 1236 1246 idem
1256 1204 1451 1255 faciunt,
1470 1218 1553 1246 nec

288 1269 409 1310 sicut
439 1269 494 1310 de
523 1269 764 1310 intellectu
801 1269 946 1310 animi
986 1271 1109 1311 recte
1139 1269 1336 1311 dixerim
1366 1269 1553 1320 ‘vide0,'

287 1332 355 1374 ita
384 1332 440 1374 de
459 1333 565 1374 visu
594 1333 833 1374 oculorum
861 1334 871 1351 ‘
886 1333 1131 1386 intellego,'
1159 1347 1242 1375 nec
1270 1335 1325 1375 ut
1344 1333 1553 1375 ‘mucro’

287 1396 510 1450 gladium,
530 1397 595 1439 sic
614 1398 626 1416 ‘
638 1411 905 1439 mueronem
924 1399 935 1416 ‘
949 1397 1132 1451 gladius
1145 1399 1156 1417 ’
1177 1398 1390 1441 ostendit.

233 1469 275 1503 15
369 1461 456 1504 Sed
492 1463 546 1503 ut
579 1462 711 1515 copia
743 1462 992 1504 verborum
1025 1463 1090 1504 sic
1122 1465 1330 1516 paratur,
1359 1464 1427 1505 ita
1458 1477 1553 1505 non

286 1526 535 1568 verborum
572 1527 757 1567 tantum
795 1527 948 1579 gratia
979 1526 1228 1580 legendum
1256 1527 1331 1569 vel
1364 1527 1552 1570 audien-

287 1590 399 1632 dum
432 1592 512 1633 est.
570 1591 691 1633 Nam
729 1591 951 1642 omnium,
984 1605 1284 1645 quaecunque
1322 1590 1552 1644 docemus,

286 1654 374 1697 hoc
412 1657 521 1697 sunt
558 1655 767 1709 exempla
805 1656 1069 1709 potentiora
1106 1657 1247 1698 etiam
1283 1655 1398 1710 ipsis
1435 1670 1552 1710 quae

286 1719 538 1761 traduntur
567 1720 747 1761 artibus
779 1719 904 1772 (cum
932 1733 985 1762 eo
1018 1720 1099 1773 qui
1131 1720 1269 1762 discit
1301 1719 1552 1774 perductus

287 1785 369 1835 est,
388 1787 441 1825 ut
470 1784 736 1837 intellegere
765 1798 818 1826 ea
846 1785 945 1826 sine
974 1784 1320 1827 demonstrante
1347 1785 1394 1827 et
1422 1785 1552 1839 sequi

286 1848 382 1889 iam
412 1849 508 1890 suis
536 1849 717 1891 viribus
746 1849 927 1903 possit),
947 1850 1070 1902 quia,
1089 1863 1206 1903 quae
1234 1849 1395 1892 doctor
1423 1863 1552 1904 prae-

287 1913 422 1966 cepit,
441 1915 597 1955 orator
616 1914 829 1957 ostendit.

232 1989 275 2023 16
367 1977 478 2018 Alia
497 1991 606 2019 vero
627 1978 872 2029 audientis,
892 1978 985 2020 alia
1013 1977 1210 2032 legentis
1240 1978 1391 2031 magis
1422 1977 1551 2020 adiu-

288 2044 412 2083 vant.
470 2042 659 2084 Excitat
679 2043 759 2096 qui
779 2043 893 2085 dicit
914 2043 1082 2096 spiritu
1105 2043 1219 2097 ipso,
1238 2056 1321 2085 nec
1347 2042 1552 2096 imagine

287 2107 332 2148 et
369 2106 550 2149 ambitu
587 2121 757 2158 rerum,
795 2107 873 2149 sed
910 2107 1048 2149 rebus
1080 2106 1296 2149 incendit.
1366 2106 1552 2149 vivunt

287 2170 443 2212 omnia
463 2171 586 2212 enim
607 2173 651 2213 et
680 2173 941 2222 moventur,
962 2171 1308 2225 excipimusque
1326 2184 1450 2213 nova
1468 2171 1552 2214 illa

286 2234 416 2276 velut
436 2236 674 2277 nascentia
693 2249 800 2277 cum
820 2236 981 2277 favore
1001 2249 1053 2277 ac
1075 2235 1397 2278 sollicitudine.
1454 2235 1550 2278 Nec

287 2298 479 2341 fortuna
515 2300 652 2341 modo
690 2299 865 2348 iudicii,
905 2299 982 2341 sed
1030 2300 1168 2341 etiam
1216 2300 1424 2353 ipsorum
1469 2299 1551 2353 qui

232 2375 275 2411 17
287 2365 422 2405 orant
441 2363 647 2419 periculo
667 2363 922 2406 adficimur.
970 2364 1159 2406 Praeter
1177 2363 1290 2406 haec
1309 2377 1416 2416 vox,
1429 2364 1550 2406 actio
1584 2408 1585 2411 ,
