1696 2638
242 153 324 196 118
533 153 654 189 ms'r.
686 154 893 190 ORATOR.
925 155 1008 198 ΧΠ,
1040 157 1071 199 8,
1102 157 1199 193 7-11.

239 278 296 307 ex
333 265 429 308 suis
475 266 794 320 litigatoribus
831 268 1095 321 noluerunt,
1133 284 1189 318 ex
1229 269 1507 316 adversariis

205 329 435 374 vdiscunt.
493 332 715 374 Liberum
745 332 893 386 igitur
921 333 1082 376 demus
1112 337 1219 377 ante
1249 336 1406 378 omnia
1434 336 1507 389 iis,

238 408 437 447 quorum
466 396 707 449 negotium
727 397 828 449 erit,
851 399 1034 452 tempus
1055 413 1107 441 ac
1137 399 1305 451 locum,
1324 401 1506 443 exhort-

238 472 459 513 emurque
489 460 627 512 ultro,
671 463 725 503 ut
755 462 912 504 omnia
942 463 1198 516 quamlibet
1228 464 1419 507 verbose
1460 468 1506 508 et

237 523 359 565 unde
379 524 537 566 volent
555 525 752 579 repetito
767 527 973 580 tempore
988 530 1244 582 exponant3
1272 543 1367 570 non
1381 529 1505 572 enim

237 589 334 629 tam
354 589 482 631 obest
502 589 662 632 audire
694 604 981 644 supervacua
1009 606 1150 646 quam
1179 593 1398 646 ignorare
1428 608 1505 636 ne-

202 658 224 692 8
237 653 444 696 cessaria.
502 654 786 707 Frequenter
816 658 972 698 autem
1003 659 1048 699 et
1076 657 1249 700 vulnus
1279 660 1324 700 et
1362 672 1504 701 reme-

237 715 367 758 dium
404 717 455 758 in
491 717 550 759 iis
587 721 743 761 orator
779 719 1000 772 inveniet,
1038 735 1155 774 quae
1191 721 1420 775 litigatori
1453 723 1503 765 in

236 783 450 823 neutram
480 784 661 836 partem
690 783 860 826 habere
890 788 1178 827 momentum
1208 786 1500 831 videbantur.

237 844 331 887 Nec
364 847 496 888 tanta
528 847 590 888 sit
623 849 784 890 acturo
817 849 1066 892 memoriae
1099 850 1282 903 fiducia,
1311 853 1365 893 ut
1398 852 1503 895 sub-

235 909 433 952 scribere
454 911 615 953 audita
634 912 803 966 pigeat.

315 974 411 1016 Nec
439 976 578 1018 semel
607 976 791 1019 audisse
821 977 882 1019 sit
911 978 1047 1032 satis;
1081 979 1314 1033 cogendus
1343 980 1502 1024 eadem

233 1037 405 1080 iterum
425 1053 477 1081 ac
499 1040 680 1094 saepius
701 1041 850 1083 dicere
870 1041 1095 1096 litigator,
1110 1057 1203 1085 non
1223 1044 1373 1086 solum
1392 1045 1504 1098 quia

234 1103 438 1156 effugere
484 1105 642 1158 aliqua
693 1107 846 1160 prima
893 1108 1178 1162 expositione
1235 1111 1502 1163 potuerunt,

233 1169 505 1221 praesertim
531 1169 767 1213 hominem
790 1171 931 1225 (quod
961 1186 1093 1227 saepe
1113 1173 1286 1227 evenit)
1318 1174 1502 1228 imperi-

232 1234 349 1284 tum,
397 1233 474 1275 sed
521 1234 663 1276 etiam
709 1238 762 1277 ut
810 1236 1022 1289 sciamus,
1060 1251 1120 1279 an
1167 1238 1326 1280 eadem
1364 1239 1500 1283 dicat.

198 1299 220 1333 9
233 1296 433 1339 Plurimi
454 1298 578 1340 enim
606 1300 901 1342 mentiuntur
930 1303 988 1353 et,
1008 1304 1248 1356 tamquam
1261 1317 1354 1345 non
1374 1303 1502 1346 doce—

232 1363 314 1403 ant
344 1375 544 1414 causam,
565 1364 643 1405 sed
675 1367 831 1417 agant,
850 1379 944 1407 non
973 1368 1027 1408 ut
1057 1380 1164 1409 cum
1193 1370 1403 1421 patrono,
1422 1368 1501 1411 sed

231 1428 286 1468 ut
306 1440 411 1468 cum
430 1427 582 1470 iudice
608 1428 875 1482 loquuntur.
933 1430 1225 1486 Quapropter
1244 1447 1501 1487 numquam

232 1491 345 1532 satis
374 1492 654 1534 credendum
683 1496 764 1545 est,
785 1494 863 1536 sed
892 1495 1142 1548 agitandus
1162 1498 1378 1539 omnibus
1405 1511 1500 1540 mo-

178 1554 303 1596 lodis
323 1557 368 1596 et
388 1556 648 1599 turbandus
668 1560 713 1600 et
742 1559 1016 1602 evocandus.
1074 1560 1195 1602 Nam
1224 1563 1279 1602 ut
1307 1562 1498 1604 medicis

231 1633 325 1660 non
362 1621 635 1674 apparentia
679 1623 817 1665 modo
854 1624 973 1666 vitia
1018 1625 1224 1667 curanda
1261 1628 1384 1678 sunt,
1421 1626 1500 1669 sed

232 1684 374 1726 etiam
418 1685 699 1728 invenienda
735 1701 853 1740 quae
891 1687 1053 1740 latent,
1096 1702 1230 1743 saepe
1271 1690 1386 1744 ipsis
1433 1705 1500 1743 ea,

232 1748 313 1801 qui
361 1750 556 1791 sanandi
602 1753 725 1803 sunt,
762 1752 1093 1804 occulentibus,
1130 1753 1199 1795 ita
1245 1754 1499 1797 advocatus

230 1812 380 1866 plura,
418 1828 559 1867 quam
603 1815 924 1868 ostenduntur,
965 1817 1172 1871 aspiciat.
1239 1818 1362 1860 Nam
1392 1833 1499 1862 cum

231 1877 344 1919 satis
376 1878 427 1920 in
457 1879 687 1922 audiendo
725 1881 978 1935 patientiae
1008 1881 1301 1936 impenderit,
1331 1883 1382 1924 in
1415 1884 1498 1926 ali-

230 1955 307 1983 am
336 1957 497 1985 rursus
527 1944 569 1986 ei
607 1959 852 1999 personam
880 1946 1217 1988 transeundum
1260 1949 1328 1989 est
1359 1962 1498 2002 agen-

230 2005 413 2060 dusque.
436 2007 744 2061 adversarius,
767 2011 1118 2064 proponendum
1145 2010 1375 2065 quidquid
1404 2026 1498 2055 om-

230 2071 341 2113 nino
361 2073 614 2127 excogitari
634 2077 796 2117 contra
823 2077 987 2129 potest,
1007 2076 1234 2130 quidquid
1262 2077 1429 2132 recipit
1447 2078 1498 2119 in

230 2135 456 2178 eiusmodi
495 2137 827 2192 disceptatione
873 2142 1054 2183 natura.
1131 2141 1497 2194 Interrogandus

176 2206 216 2239 11
230 2213 371 2253 quam
407 2201 708 2245 infestissime
754 2217 807 2245 ac
853 2204 1143 2257 premendus.
1214 2205 1337 2247 Nam
1383 2205 1497 2247 dum

230 2264 387 2306 omnia
415 2266 694 2318 quaerimus,
713 2266 964 2321 aliquando
983 2268 1043 2310 ad.
1061 2282 1239 2321 verum,
1258 2269 1341 2318 ubi
1360 2269 1496 2312 mini-

229 2340 303 2371 me
322 2330 681 2383 expectavimus,
699 2331 1008 2386 pervenimus
