1696 2638
451 209 573 245 INST.
605 208 813 244 ORATOR.
844 206 928 249 XII,
960 207 1013 248 10,
1043 206 1119 241 2-6.
1346 206 1428 247 125

158 339 225 370 co.
282 324 398 368 Suos
421 325 579 366 autem
597 322 710 364 haec
741 334 934 376 operum
964 333 1148 374 genera,
1167 332 1285 372 quae
1315 317 1466 370 dico,2

157 392 214 433 ut
251 391 462 432 auctores
501 387 566 430 sic
603 387 746 429 etiam
782 387 1012 427 amatores
1048 384 1248 435 habent3
1292 385 1432 437 atque

158 454 262 497 ideo
281 453 491 496 nondum
506 454 574 495 est
593 451 828 506 perfectus
847 451 1016 501 orator,
1031 462 1084 491 ac
1103 447 1257 490 nescio
1277 461 1338 489 an
1357 461 1432 489 ars

159 519 270 571 ulla,
288 533 383 560 non
411 517 563 560 solum
582 517 693 570 quia
713 514 843 557 aliud
870 515 922 556 in
950 513 1043 556 3110
1068 513 1219 566 magis
1247 512 1431 563 eminet,

161 583 239 626 sed
258 583 382 637 quod
401 596 496 624 non
514 595 610 623 una
629 580 846 622 omnibus
866 579 1020 621 forma
1047 577 1240 632 placuit,
1259 577 1432 631 partim

159 648 428 691 condicione
465 646 541 688 vel
586 647 851 698 temporum
888 642 964 685 vel
1000 642 1223 694 locorum,
1259 641 1433 695 partim

157 712 333 755 iudicio
352 711 576 764 cuiusque
596 711 734 762 atque
753 708 1004 763 proposito.

242 776 406 827 Primi,
436 788 637 829 quorum
664 773 853 827 quidem
891 786 1031 827 opera
1060 785 1155 814 non
1184 769 1467 813 vetustatis3

161 842 299 884 modo
337 840 491 895 gratia
528 838 721 881 visenda
758 839 866 890 sint,
899 837 1015 880 clari
1051 837 1251 892 pictores
1289 835 1434 877 fuisse

162 907 384 950 dicuntur
416 905 709 959 Polygnotus
739 906 879 957 atque
908 901 1205 956 Aglaophon,
1234 914 1435 954 quorum

163 972 361 1026 simplex
389 971 515 1013 color
542 972 642 1012 tam
662 969 736 1011 sui
765 968 996 1010 studiosos
1025 966 1178 1008 adhuc
1206 965 1363 1016 habet,
1380 966 1436 1006 ut

162 1037 246 1079 illa
274 1049 417 1091 prope
436 1035 573 1076 rudia
603 1048 656 1076 ac
675 1033 806 1075 velut
837 1033 1027 1074 futurae
1057 1044 1168 1072 mox
1198 1029 1314 1072 artis
1343 1029 1436 1083 pri-

163 1101 345 1144 mordia
363 1099 595 1151 maximis,
615 1099 696 1152 qui
724 1099 829 1152 post
849 1111 925 1139 eos
946 1097 1217 1146 extiterunt,
1237 1093 1436 1136 auctori-

162 1166 252 1209 bus
280 1165 561 1220 praeferant,
589 1162 778 1218 proprio
808 1161 1010 1216 quodam
1038 1159 1354 1213 intellegendi,
1381 1160 1437 1200 ut

163 1245 267 1273 mea
313 1230 471 1284 opinio
518 1230 599 1280 est,
646 1227 840 1270 ambitu.
924 1227 1037 1268 Post
1084 1225 1251 1268 Zeuxis
1298 1226 1472 1277 atque4

165 1295 443 1339 Parrhasius
479 1308 575 1336 non
611 1293 817 1335 multum
854 1294 1005 1334 aetate
1038 1291 1278 1340 distantes,
1315 1289 1439 1331 01103

166 1359 500 1414 Peloponnesia
523 1358 659 1400 ambo
678 1360 890 1411 tempora
912 1355 1039 1410 (nam
1059 1369 1167 1398 cum
1187 1353 1438 1397 Parrhasio

166 1438 315 1468 sermo
363 1423 565 1468 Socratis
611 1422 737 1477 apud
775 1421 1135 1476 Xenophontem
1176 1417 1435 1470 invenitur)

165 1490 424 1546 plurimum
443 1489 534 1531 arti
563 1488 854 1530 addiderunt.
912 1486 1124 1541 Quorum
1151 1485 1280 1539 prior
1302 1483 1440 1526 lumi-

166 1569 282 1596 num
300 1554 667 1606 umbrarumque
695 1552 928 1594 invenisse
948 1551 1191 1602 rationem,
1211 1548 1440 1591 secundus

167 1619 454 1663 examinasse
470 1618 690 1660 subtilius
709 1617 856 1659 lineas
870 1616 1087 1659 traditur.
1136 1615 1258 1657 Nam
1274 1613 1440 1656 Zeuxis
1453 1618 1475 1652 5

168 1685 275 1740 plus
312 1683 533 1726 membris
572 1682 778 1736 corporis
809 1681 950 1733 dedit,
979 1680 1030 1722 id
1067 1679 1270 1734 amplius
1301 1680 1442 1731 atque

169 1749 417 1803 augustius
444 1750 575 1790 ratus
604 1749 757 1801 atque,
782 1748 838 1788 ut
867 1745 1152 1796 existimant,
1181 1744 1442 1786 Homerum

171 1816 369 1865 secutus,
401 1813 478 1855 cui
518 1812 809 1854 validissima
849 1824 1058 1865 quaeque
1102 1809 1256 1851 forma
1299 1807 1442 1850 etiam

169 1878 221 1920 in
249 1878 437 1921 feminis
476 1877 639 1932 placet.
711 1876 796 1919 Ille
824 1889 936 1918 vero
971 1875 1042 1917 ita
1078 1873 1443 1927 circumscripsit

171 1944 342 1995 omnia,
359 1945 415 1985 ut
445 1956 552 1984 eum
581 1942 742 1995 legum
772 1941 969 1983 latorem
998 1940 1180 1990 vocent,
1199 1938 1311 1992 quia
1341 1937 1444 1979 deo-

170 2022 277 2050 rum
297 2010 435 2061 atque
462 2007 657 2049 heroum
677 2005 863 2060 effigies,
882 2005 1043 2060 quales
1062 2004 1122 2046 ab
1141 2017 1195 2046 eo
1214 2004 1324 2045 sunt
1351 2004 1444 2044 tra-

171 2073 310 2124 ditae,
329 2071 482 2124 ceteri‚
500 2074 742 2124 tamquam
761 2071 829 2112 ita
860 2083 1043 2113 necesse
1076 2068 1151 2121 sit,
1171 2069 1443 2122 sequuntur.

172 2137 355 2180 Floruit
384 2139 542 2180 autem
561 2136 684 2179 01103
712 2135 986 2190 Philippum
1015 2137 1061 2177 et
1088 2147 1237 2188 usque
1256 2132 1315 2175 ad
1346 2146 1445 2175 suc·
1458 2135 1479 2169 6

173 2215 370 2244 cessores
390 2201 649 2244 Alexandri
669 2201 855 2255 pictura
873 2200 1133 2254 praecipue,
1149 2198 1228 2241 sed
1248 2197 1446 2240 diversis

173 2266 442 2309 virtutibus.
500 2267 622 2308 Nam
651 2279 764 2307 cura
793 2265 1090 2318 Protogenes,
1109 2264 1292 2306 ratione
1312 2263 1447 2304 Pam-

173 2331 331 2385 philus
361 2345 414 2373 ac
445 2330 746 2381 MelanthiuS,
766 2330 994 2372 facilitate
1026 2328 1319 2383 Antiphilus,
1343 2340 1447 2369 con-

173 2395 397 2451 cipiendis
416 2395 691 2446 visionibus,
710 2408 826 2448 quas
846 2395 1066 2445 φαντασίας
1084 2395 1268 2444 vocant,
1288 2391 1447 2434 Theon
