1696 2638
470 157 591 192 INST.
624 157 832 193 ORATOR.
863 156 946 200 XII,
979 158 1031 200 11,
1062 158 1182 193 22-26.
1382 158 1467 203 147

195 269 277 326 qui
309 284 530 326 quaerere
566 271 816 324 auditores,
852 270 909 314 de
947 285 1039 325 quo
1076 270 1273 325 quisque
1310 270 1466 324 vellet,

194 335 397 379 iubebat.
454 336 583 390 Quae
602 335 791 378 tandem
810 350 886 378 ars
915 335 1060 390 digna
1086 335 1258 378 litteris
1278 334 1521 382 Platonizs

194 400 383 444 defuit?
437 401 562 455 Quot
582 400 777 443 saeculis
796 400 1074 443 Aristoteles
1093 399 1274 454 didicit,
1291 402 1347 443 ut
1371 415 1466 443 non

193 465 359 517 solum,
377 479 495 519 quae
514 465 574 507 ad
600 465 903 520 philosophos
931 467 1072 520 atque
1092 467 1298 508 oratores
1326 466 1466 520 perti-

193 532 319 582 nent,
364 530 558 572 scientia
607 529 1004 584 complecteretur,
1052 530 1132 573 sed
1187 530 1466 573 animalium

193 597 493 649 satorumque
540 597 733 637 naturas
771 595 922 637 omnis
969 595 1294 650 perquireret?
1363 594 1465 637 Illis

192 659 305 702 haec
363 658 643 702 invenienda
699 659 907 711 fuerunt,
954 660 1090 702 nobis
1147 659 1465 714 cognoscenda
1486 687 1493 695 -

192 726 314 767 sunt.
371 724 460 766 Tot
488 738 573 766 nos
609 723 1001 778 praeceptoribus,
1034 716 1106 766 tot
1139 723 1363 779 exemplis
1395 724 1465 766 in-

192 789 366 831 struxit
402 789 673 842 antiquitas,
705 790 760 831 ut
799 788 945 843 possit
983 788 1135 831 videri
1170 788 1304 830 nulla
1341 791 1464 832 sorte

191 853 411 896 nascendi
430 855 557 896 aetas
576 853 758 896 felicior
779 867 921 907 quam
941 855 1117 905 nostra,
1137 853 1215 896 cui
1234 852 1464 896 docendae

191 918 368 974 priores
406 918 716 962 elaborarunt.
773 919 835 962 M.
865 919 1014 972 igitur
1043 918 1160 962 Cato
1188 918 1312 961 idem
1340 922 1521 961 sum-23

191 997 296 1026 mus
323 983 591 1038 imperator,
618 983 743 1026 idem
771 984 968 1038 sapiens,
987 983 1112 1026 idem
1141 985 1311 1036 orator,
1338 983 1464 1027 idem

190 1045 413 1090 historiae
441 1048 667 1100 conditor,
685 1048 810 1091 idem
837 1048 968 1101 iuris,
986 1048 1112 1091 idem
1140 1062 1297 1091 rerum
1325 1049 1464 1092 rusti-

190 1126 352 1156 carum
370 1113 681 1168 peritissimus
701 1114 796 1155 fuit
812 1129 826 1166 ς
841 1114 964 1156 inter
982 1116 1053 1156 tot
1072 1127 1235 1168 operas
1253 1114 1464 1167 militiae,

189 1179 347 1220 tantas
384 1178 510 1220 domi
548 1179 878 1230 contentioneS,
911 1178 1020 1221 rudi
1054 1179 1252 1232 saeculo,
1281 1179 1463 1223 litteras

191 1242 393 1287 Graecas
430 1245 581 1286 aetate
626 1243 723 1285 iam
768 1243 1001 1286 declinata
1037 1244 1217 1297 didicit,
1253 1246 1308 1287 ut
1345 1247 1463 1288 esset

189 1307 460 1350 hominibus
490 1305 780 1360 documento,
810 1323 864 1351 ea
894 1323 1079 1363 quoque
1109 1310 1287 1364 percipi
1316 1324 1464 1364 posse,

190 1387 308 1427 quae
345 1387 475 1416 senes
512 1373 847 1428 concupissent.
924 1373 1077 1428 Quam
1116 1374 1282 1427 multa,
1318 1379 1520 1430 paene24

190 1438 347 1481 omnia
378 1438 574 1480 tradidit
602 1439 756 1480 Varro
769 1440 785 1482 1·
837 1438 972 1493 Quod
999 1440 1368 1482 instrumentum
1395 1440 1463 1482 di-

189 1503 323 1546 cendi
342 1503 404 1546 M.
425 1503 581 1545 Tullio
601 1503 753 1546 defuit
774 1505 793 1547 ?
848 1503 973 1558 Quid
992 1504 1131 1560 plura
1151 1507 1170 1548 tr>
1194 1519 1302 1547 cum
1321 1505 1463 1548 etiam

190 1567 433 1611 Cornelius
453 1567 630 1620 Celsus,
648 1568 871 1610 mediocri
891 1569 967 1611 vir
985 1569 1189 1623 ingenio,
1202 1583 1303 1611 non·
1312 1569 1464 1612 solum

189 1630 246 1675 de
263 1632 338 1674 his
357 1632 574 1674 omnibus
593 1633 919 1688 conscripserit
938 1633 1134 1686 artibus,
1153 1633 1233 1676 sed
1260 1634 1464 1689 amplius

188 1697 257 1739 rei
284 1696 505 1739 militaris
534 1699 580 1740 et
612 1697 813 1740 rusticae
843 1699 890 1741 et
925 1698 1183 1742 medicinae
1219 1702 1465 1754 praecepta

188 1761 446 1816 reliquerit,
482 1761 654 1816 dignus
701 1762 778 1805 vel
823 1762 925 1817 ipso
970 1763 1224 1818 proposito,
1260 1766 1316 1807 ut
1356 1778 1464 1808 eum

188 1826 329 1869 scisse
347 1826 505 1869 omnia
523 1827 607 1870 illa
626 1827 881 1871 credamus.

269 1891 338 1934 At
374 1891 592 1946 perficere
621 1894 810 1934 tantum
848 1906 965 1947 opus
997 1892 1213 1946 arduum,
1245 1895 1292 1937 et
1327 1894 1519 1938 nem025

188 1955 396 2011 perfecit.
452 1957 579 1999 Ante
604 1957 763 1999 omnia
792 1957 963 2000 sufficit
994 1957 1054 2000 ad
1091 1958 1464 2002 exhortationem

188 2020 467 2074 studiorum,
496 2035 659 2077 capere
689 2021 739 2064 id
768 2035 928 2065 rerum
956 2024 1191 2077 naturam,
1208 2038 1307 2077 nec,
1331 2024 1464 2079 quid-

189 2086 304 2141 quid
321 2101 416 2129 non
436 2088 507 2129 est
531 2086 727 2139 factum,
745 2101 803 2130 ne
830 2086 932 2130 fieri
959 2087 1149 2144 quidem
1175 2102 1333 2144 posse3
1359 2091 1464 2133 tum

190 2151 361 2204 omnia,
379 2165 498 2206 quae
515 2166 689 2206 magna
716 2153 827 2195 sunt
853 2154 996 2207 atque
1021 2153 1333 2207 admirabilia,
1349 2156 1465 2198 tem·
1503 2188 1505 2190 ψ

189 2230 278 2272 pus
307 2216 496 2271 aliquod
534 2232 626 2271 quo
663 2218 872 2273 primum
900 2219 1191 2262 efficerentur
1218 2218 1464 2274 habuisse3

190 2295 300 2324 nam
338 2284 384 2324 et
419 2283 570 2337 poesis
603 2283 662 2325 ab
700 2283 906 2326 Homero
942 2285 989 2326 et
1025 2284 1240 2339 Vergilio
1274 2286 1519 2334 tantqu

191 2345 438 2400 fastigium
457 2347 633 2401 accepit
652 2349 698 2389 et
718 2347 983 2402 eloquentia
1010 2363 1040 2392 a
1067 2349 1378 2394 Demosthene
1396 2352 1464 2393 at-
