1696 2638
244 163 329 206 134
518 160 639 195 INST.
670 159 877 195 ORATOR.
909 159 992 201 XII,
1025 159 1076 201 10,
1108 158 1227 194 44-47.

243 274 320 326 rit,
338 288 432 316 non
452 274 540 316 erit
557 273 645 315 hac
665 269 899 315 calumnia
918 269 1331 326 reprehendendus,
1387 268 1510 312 Nam

243 339 361 381 mihi
398 338 539 380 aliam
577 337 812 391 quandam
850 336 1039 379 videtur
1083 335 1253 377 habere
1291 335 1511 376 naturam

245 417 394 446 sermo
423 402 646 455 vulgaris,
666 402 808 443 aliam
827 401 920 443 viri
948 399 1205 454 eloquentis
1234 398 1406 450 orati03
1435 397 1512 440 cui

245 469 285 510 si
303 481 375 510 res
393 466 530 509 modo
548 466 754 508 indicare
778 465 890 508 satis
910 467 1040 516 esset,
1060 463 1179 505 nihil
1207 463 1334 504 ultra
1352 461 1512 504 verbo-

244 547 351 574 rum
387 531 717 586 proprietatem
754 530 1036 582 elaboraret3
1083 528 1161 571 sed
1205 541 1312 570 cum
1349 526 1513 569 debeat

245 596 484 646 delectare,
503 608 702 646 movere,
721 595 772 636 in
800 594 1026 648 plurimas
1052 593 1263 634 animum
1282 589 1513 633 audientis

247 661 417 715 species
449 659 699 713 impellere,
726 661 887 701 utetur
923 658 998 700 his
1035 670 1218 711 quoque
1255 654 1515 706 adiutoriis,

189 739 364 779 44quae
393 726 501 766 sunt
530 724 589 766 ab
609 723 767 766 eadem
795 723 930 765 nobis
949 735 1162 765 concessa
1180 722 1377 772 natura3
1404 733 1515 761 nam

247 793 293 833 et
319 790 514 832 lacertos
543 788 875 831 exercitatione
904 786 1219 839 constringere
1259 786 1304 827 et
1344 796 1515 837 augere

247 855 370 897 vires
398 855 444 895 et
472 852 672 895 colorem
704 852 902 903 trahere,
935 849 1149 893 naturale
1178 850 1258 891 est.
1316 847 1516 900 Ideoque

247 920 299 961 in
318 918 533 961 omnibus
552 917 771 971 gentibus
791 916 912 958 alius
931 915 1023 957 alio
1043 913 1290 956 facundior
1316 911 1517 954 habetur

248 985 294 1026 et
314 982 567 1036 eloquendo
587 981 737 1023 dulcis
755 980 917 1034 magis.
975 978 1110 1033 Quod
1130 977 1169 1019 si
1188 990 1283 1019 non
1297 975 1518 1027 eveniret,

249 1061 407 1090 omnes
434 1059 568 1100 pares
588 1047 762 1098 essent3
791 1047 840 1087 at
859 1044 983 1086 idem
1007 1042 1219 1085 homines
1239 1041 1375 1083 aliter
1394 1040 1450 1082 de
1468 1053 1518 1082 re

250 1112 343 1154 alia
361 1111 619 1164 loquuntur
639 1111 685 1152 et
701 1110 889 1151 servant
908 1120 1213 1162 personarum
1234 1104 1517 1147 discrimina.

251 1177 339 1227 Ita,
366 1188 458 1228 quo
486 1174 681 1228 quisque
714 1173 820 1227 plus
849 1172 987 1215 efficit
1015 1170 1225 1221 dicendo,
1251 1169 1340 1211 hoc
1367 1168 1519 1221 magis

194 1254 238 1288 45
252 1240 505 1283 secundum
532 1241 751 1280 naturam
780 1236 1069 1290 eloquentiae
1097 1235 1223 1278 dicit.
1281 1234 1520 1288 Quaprop-

251 1307 322 1347 ter
340 1318 398 1346 ne
417 1304 511 1345 illis
531 1303 719 1356 quidem
747 1302 949 1346 nimium
967 1313 1191 1354 repugno,
1211 1299 1294 1352 qui
1313 1297 1521 1339 dandum

251 1370 422 1424 putant
440 1367 655 1410 nonnihil
685 1366 827 1409 etiam
846 1364 1135 1419 temporibus
1156 1365 1295 1416 atque
1315 1360 1521 1412 auribus,

251 1433 448 1476 nitidius
495 1431 673 1485 aliquid
719 1432 858 1484 atque
905 1428 1114 1472 effectius
1160 1425 1519 1482 postulantibus.

254 1499 417 1551 Itaque
436 1510 531 1538 non
551 1495 702 1538 solum
722 1495 781 1537 ad
800 1494 977 1548 priores
998 1493 1173 1536 Catone
1193 1489 1522 1542 Gracchisque,

254 1562 334 1606 sed
358 1575 416 1604 ne
435 1560 494 1603 ad
520 1560 606 1602 hos
629 1559 817 1613 quidem
836 1559 960 1613 ipsos
981 1558 1211 1599 oratorem
1231 1553 1522 1607 alligandum

254 1629 380 1682 puto.
437 1626 594 1679 Atque
613 1624 663 1666 id
682 1623 845 1666 fecisse
866 1623 928 1665 M.
951 1621 1159 1663 Tullium
1179 1619 1328 1670 video,
1341 1619 1396 1659 ut
1416 1631 1522 1659 cum

255 1691 513 1746 plurimum
531 1688 744 1739 utilitati,
762 1689 866 1729 tum
885 1688 1066 1740 partem
1081 1683 1315 1738 quandam
1330 1681 1523 1724 delecta-

255 1755 374 1797 tioni
393 1754 548 1806 daret3
577 1766 685 1795 cum
715 1754 760 1794 et
791 1764 925 1793 suam
958 1763 1004 1792 se
1037 1762 1135 1791 rem
1168 1760 1305 1801 agere
1338 1745 1524 1796 diceret,

200 1831 244 1866 46
257 1820 414 1873 ageret
442 1819 599 1860 autem
628 1816 830 1858 maxime
859 1813 1136 1867 litigatoris3
1164 1825 1274 1853 nam
1303 1810 1390 1852 hoc
1422 1809 1524 1863 ipso

256 1883 486 1939 proderat,
525 1881 649 1935 quod
685 1880 909 1935 placebat.
978 1878 1055 1920 Ad
1093 1877 1226 1919 cuius
1258 1874 1524 1928 voluptates

257 1947 378 1991 nihil
408 1946 623 2000 equidem
654 1943 777 1999 quod
808 1942 918 1985 addi
946 1942 1093 1997 possit
1123 1939 1324 1990 invenio,
1349 1938 1441 1980 nisi
1470 1939 1525 1979 ut

259 2025 418 2055 sensus
446 2024 530 2053 nos
558 2010 745 2064 quidem
773 2007 983 2050 dicamus
1011 2006 1186 2060 pluris3
1223 2016 1373 2057 neque
1401 2002 1525 2044 enim

259 2091 353 2119 non
385 2075 484 2118 fieri
516 2076 680 2129 potest,
713 2072 844 2116 salva
875 2071 1152 2114 tractatione
1185 2080 1349 2111 causae
1381 2068 1427 2109 et
1459 2066 1526 2108 di·

260 2140 393 2184 cendi
409 2139 716 2190 auctoritate,
745 2137 785 2179 si
812 2150 907 2179 non
935 2135 1097 2178 crebra
1128 2134 1241 2175 haec
1270 2131 1453 2173 lumina
1480 2132 1526 2172 et

203 2219 249 2254 47
261 2206 483 2249 continua
512 2203 690 2245 fuerint
720 2204 766 2244 et
794 2201 997 2243 invicem
1028 2197 1279 2241 offecerint.
1337 2195 1426 2239 Sed
1452 2208 1528 2236 me

260 2271 485 2313 hactenus
522 2268 758 2310 cedentem
795 2279 930 2308 nemo
966 2265 1238 2317 insequatur
1273 2260 1427 2313 ultra3
1468 2259 1528 2301 do

261 2334 474 2388 tempori,
489 2347 546 2375 ne
565 2332 692 2374 hirta
711 2333 823 2384 toga
842 2331 917 2382 sit,
936 2343 1030 2371 non
1049 2330 1103 2370 ut
1123 2326 1280 2381 serica,
1299 2339 1358 2369 ne
1376 2324 1528 2367 inton-
