1696 2638
251 165 306 206 56
575 161 695 197 1Nsr.
727 161 934 197 ORATOR.
966 161 1010 204 X,
1040 163 1071 204 2,
1102 162 1198 197 6—10.

249 278 329 318 tur
349 276 480 318 nefas
509 277 577 317 est
605 274 797 328 reperiri
825 274 1004 327 aliquid
1034 288 1062 316 a
1089 274 1236 326 nobis,
1259 274 1382 328 quod
1413 277 1521 318 ante

249 356 343 384 non
373 339 554 382 fuerit?
623 341 702 381 An
730 339 801 381 illi
839 339 977 381 rudes
1016 339 1112 381 sola
1153 339 1322 382 mentis
1353 343 1520 384 natura

250 406 379 449 ducti
408 407 516 447 sunt
545 404 595 445 111
613 404 714 455 hoc,
734 406 788 445 ut
812 406 910 445 tam
930 403 1080 445 multa
1112 408 1408 457 generarent:
1437 420 1520 449 nos

249 474 308 516 ad
337 471 654 527 quaerendum
686 464 786 512 'non
824 485 876 513 eo
918 471 1018 525 ipso
1062 472 1359 524 concitemur,
1397 473 1534 526 quod.

215 541 371 587 ecerte
390 539 560 581 scimus
591 537 820 579 invenisse
844 552 932 590 eos,
957 537 1038 591 qui
1071 539 1404 591 quaesierunt?
1458 539 1520 580 Et

250 618 356 646 cum
383 604 468 656 illi,
499 605 580 658 qui
620 605 805 648 nullum
834 607 1109 661 cuiusquam
1148 606 1216 648 rei
1255 605 1520 646 habuerunt

249 664 539 718 magistrum,
563 665 766 719 plurima
794 667 844 708 in
871 670 1078 721 posteros
1110 665 1411 708 tradiderint:
1441 677 1520 705 no-

249 729 320 771 bis
348 743 460 771 usus
494 730 693 772 aliarum
726 746 883 774 rerum
911 732 970 774 ad
1009 731 1232 774 eruendas
1275 730 1390 771 alias
1426 743 1520 770 non

207 827 209 831 4
249 794 469 847 proderit,
488 795 566 836 sed
582 795 701 836 nihil
720 796 994 838 habebimus
1009 796 1100 838 nisi
1119 795 1330 838 beneficii
1348 794 1521 837 alieni?

250 858 656 911 Quemadmodum
703 860 893 913 quidam
939 860 1136 914 pictores
1182 860 1232 901 in
1278 859 1327 901 id
1368 859 1519 902 solum

251 923 454 975 student,
473 925 527 965 ut
547 924 803 967 describere
830 925 1015 967 tabulas
1042 924 1271 967 mensuris
1300 937 1353 966 ac
1383 924 1518 967 lineis

251 987 411 1031 sciant.

220 1052 242 1088 ’7
333 1051 487 1105 Turpe
515 1051 657 1093 etiam
684 1050 803 1092 illud
823 1052 905 1102 est,
925 1052 1194 1093 contentum
1222 1064 1318 1092 esse
1338 1050 1386 1092 id
1414 1054 1516 1093 cen-

254 1115 383 1169 sequi
428 1115 552 1168 quod
599 1115 807 1158 imiteris.
884 1115 1006 1156 Nam
1052 1128 1214 1156 rursus
1260 1114 1373 1167 quid
1419 1116 1517 1157 erat-

253 1180 483 1231 futurum,
503 1180 543 1221 si
571 1194 705 1222 nemo
733 1180 839 1234 plus
859 1180 1085 1222 effecisset
1116 1193 1167 1222 eo
1196 1192 1333 1232 quem
1362 1193 1517 1232 seque-

252 1244 428 1287 batur?
483 1244 617 1286 Nihil
648 1245 697 1286 in
726 1245 874 1298 poetis
904 1258 1045 1298 supra
1074 1244 1265 1286 Livium
1285 1244 1516 1286 Androni-

252 1323 373 1360 cum,
392 1309 512 1351 nihil
537 1310 588 1351 in
616 1309 825 1351 historiis
856 1323 997 1363 supra
1027 1309 1300 1363 pontificum
1328 1309 1517 1351 annales

252 1374 541 1426 haberemus,
560 1375 741 1416 ratibus
761 1374 913 1416 adhuc
933 1375 1259 1427 navigaretur3
1288 1388 1382 1416 non
1400 1377 1517 1416 esset

252 1439 449 1493 pictura,
468 1439 559 1481 nisi
588 1453 705 1492 quae
734 1439 880 1481 lineas
910 1439 1045 1480 modo
1065 1441 1293 1481 extremas
1311 1438 1517 1491 umbrae,

252 1516 393 1556 quam
426 1517 618 1557 corpora
650 1504 700 1544 in
734 1503 826 1545 sole
857 1503 1087 1554 fecissent,
1107 1503 1516 1547 circumscriberet.

218 1574 240 1608 8
253 1569 323 1610 Ac
344 1568 383 1610 si
414 1569 571 1610 omnia
599 1582 879 1622 percenseas,
899 1569 968 1610 est
998 1567 1129 1609 nulla
1159 1581 1248 1619 ars,
1267 1567 1419 1621 qualis
1449 1568 1517 1609 in-

252 1634 393 1675 venta
411 1634 494 1684 est,
513 1646 596 1675 nec
615 1634 741 1674 intra
760 1633 951 1674 initium
971 1633 1124 1685 stetit;
1153 1632 1245 1674 nisi
1274 1632 1395 1674 forte
1414 1646 1517 1675 nos-

251 1699 326 1739 tra
362 1698 658 1752 potissimum
683 1700 893 1752 tempora
923 1697 1198 1739 damnamus
1227 1696 1370 1738 huius
1400 1697 1517 1739 infe-

251 1762 457 1814 licitatis,
489 1765 544 1804 ut
580 1777 705 1805 nunc
743 1763 931 1805 demum
967 1762 1088 1803 nihil
1127 1763 1312 1804 crescat.
1382 1761 1516 1803 Nihil

218 1830 409 1869 9autem
428 1829 591 1870 crescit
622 1828 719 1869 sola
748 1828 1019 1869 imitatione.
1077 1826 1252 1880 Quodsi
1282 1825 1516 1880 prioribus

252 1892 431 1934 adicere
459 1892 531 1934 fas
557 1906 650 1934 non
681 1894 762 1943 est,
782 1906 874 1945 quo
893 1891 1029 1933 modo
1060 1904 1242 1945 sperare
1270 1903 1516 1944 possumus

251 1956 402 1998 11111111
426 1958 655 1998 oratorem
692 1957 988 2010 perfectum?
1034 1970 1140 1998 cum
1178 1955 1228 1996 in
1263 1955 1352 2006 his,
1400 1968 1515 2007 quos

251 2021 478 2062 maximos
509 2021 661 2063 adhuc
692 2021 922 2072 novimus,
952 2034 1086 2063 nemo
1117 2020 1178 2062 sit
1207 2020 1441 2070 inventus,
1466 2019 1515 2060 in

252 2099 344 2139 quo
381 2085 501 2126 nihil
550 2087 633 2126 aut
679 2085 964 2127 desideretur
1010 2087 1092 2126 aut
1138 2083 1513 2138 reprehendatur.

253 2150 340 2193 Sed
371 2150 511 2192 etiam
541 2150 623 2203 qui
653 2163 834 2191 summa
864 2163 956 2191 non
987 2149 1217 2202 adpetent‚
1242 2147 1515 2190 contendere

199 2221 240 2255 10
252 2214 407 2268 potius
445 2228 585 2267 quam
623 2214 753 2267 sequi
791 2213 970 2256 debentss
1045 2213 1167 2255 Nam
1203 2213 1285 2266 qui
1322 2212 1421 2265 agit
1461 2213 1514 2253 ut

252 2279 379 2332 prior
410 2279 483 2329 sit,
504 2278 715 2329 forsitan,
734 2278 917 2319 etiamsi
948 2291 1040 2319 non
1070 2277 1322 2327 transierit,
1352 2288 1514 2329 aequa-

251 2341 334 2387 bit.
391 2343 514 2387 Eum
545 2356 654 2387 vero
684 2355 818 2384 nemo
848 2343 1000 2399 potest
1029 2354 1239 2396 aequare,
1259 2340 1393 2382 cuius
1418 2352 1514 2383 ves·
