1696 2638
242 125 327 167 136
516 122 638 157 1Nsr.
668 122 878 157 ORATOR.
907 122 990 165 ΧΠ,
1023 123 1074 165 10,
1102 123 1222 158 52-56.

240 237 343 278 tum
389 236 584 278 actionis
629 236 829 279 habitae.
906 236 1070 289 Itaque
1107 235 1262 278 nullas
1307 250 1416 288 non,
1450 237 1506 278 ut

241 301 417 354 opinor,
445 301 579 342 debet
607 300 778 342 habere
806 300 1020 352 virtutes,
1048 300 1249 342 virtutes
1277 300 1393 352 dico,
1411 314 1506 343 non

240 365 370 408 vitia.
441 365 563 406 Nam
609 364 839 419 imperitis
885 364 1065 418 placere
1102 364 1352 417 aliquando
1388 378 1507 418 quae

185 435 228 469 52
241 429 411 471 vitiosa
438 429 545 480 sint,
574 429 667 471 scio
681 446 692 482 ;
725 443 817 482 quo
846 429 1064 471 different
1091 430 1277 482 igitur?
1332 429 1506 483 Quodsi

240 493 357 534 mihi
377 493 455 535 des
475 493 722 535 consilium
741 493 951 535 iudicum
971 493 1264 547 sapientium,
1283 507 1506 547 perquam

240 557 390 598 multa
443 557 646 599 recidam
693 571 749 600 ex
795 558 1084 599 orationibus
1130 571 1224 599 non
1271 558 1506 601 Ciceronis

240 621 390 673 modo,
428 621 506 663 sed
543 622 684 664 etiam
721 622 834 674 eius,
873 623 954 675 qui
991 624 1060 664 est
1099 622 1305 664 strictior
1341 623 1506 675 multo,

241 685 576 728 Demosthenis.
633 686 792 739 Neque
822 686 945 728 enim
965 686 1175 728 adfectus
1205 686 1392 728 omnino
1411 701 1507 729 mo-

240 750 380 793 vendi
417 753 566 802 erunt,
599 764 682 793 nec
716 765 850 793 aures
883 751 1186 793 delectatione
1222 751 1507 803 mulcendae,

240 829 347 858 cum
367 815 507 857 etiam
537 816 771 869 prooemia
801 829 1089 869 supervacua
1118 829 1213 858 esse
1243 815 1368 869 apud
1397 815 1507 858 talis

225 879 515 922 ·Aristoteles
552 880 808 932 existimet3
854 894 950 922 non
988 880 1112 922 enim
1148 880 1396 921 trahentur
1432 879 1508 922 his

239 944 310 986 illi
342 944 593 998 sapientes;
621 944 806 998 proprie
837 946 881 986 et
915 944 1232 998 significanter
1261 958 1361 986 rem
1390 943 1508 985 indi-

183 1018 356 1060 530are,
384 1009 679 1063 probationes
710 1009 939 1062 colligere,
969 1009 1081 1051 satis
1112 1010 1190 1051 est.
1249 1008 1369 1051 Cum
1395 1022 1506 1050 vero

239 1073 380 1115 iudex
399 1073 535 1115 detur
554 1075 637 1115 aut
660 1073 860 1127 populus
880 1075 962 1115 aut
982 1087 1038 1115 ex
1066 1073 1252 1127 populo,
1270 1073 1507 1126 laturique

240 1138 334 1180 sint
380 1138 657 1180 sententiam
703 1138 879 1180 indocti
917 1138 1099 1191 saepius
1141 1139 1280 1191 atque
1317 1137 1509 1179 interim

238 1202 416 1253 rustici,
435 1203 604 1254 omnia,
624 1216 741 1256 quae
761 1202 818 1243 ad
848 1202 1165 1253 obtinendum,
1186 1201 1310 1254 quod
1329 1201 1508 1243 intend-

239 1267 375 1318 imus,
394 1267 608 1320 prodesse
629 1267 879 1318 credemus,
905 1266 1168 1308 adhibenda
1201 1267 1334 1318 sunt3
1365 1279 1508 1319 eaque

239 1333 286 1374 et
305 1345 412 1373 cum
444 1331 643 1373 dicimus
674 1331 928 1385 promenda
958 1333 1004 1373 et
1035 1344 1141 1372 cum
1172 1330 1417 1372 scribimus
1440 1344 1509 1373 os-

239 1395 470 1438 tendenda
490 1397 612 1446 sunt,
634 1395 672 1437 si
702 1395 838 1437 modo
857 1395 960 1437 ideo
991 1395 1251 1446 scribimus,
1269 1396 1323 1435 ut
1352 1394 1509 1436 docea-

184 1469 344 1503 54mus
377 1460 607 1513 quomodo
645 1459 737 1501 dici
770 1461 990 1513 oporteat.
1061 1459 1139 1501 An
1177 1458 1509 1501 Demosthenes

239 1524 360 1566 male
391 1525 456 1566 sic
487 1524 669 1577 egisset,
687 1525 742 1565 ut
773 1524 972 1578 scripsit,
992 1525 1073 1565 aut
1103 1523 1299 1567 Cicero?
1327 1524 1409 1565 aut
1432 1536 1508 1565 eos

239 1589 661 1643 praestantissimos
699 1590 904 1630 oratores
942 1588 1035 1630 alia
1067 1601 1116 1629 re
1150 1601 1291 1641 quam
1322 1587 1508 1641 scriptis

241 1654 598 1707 cognoscimus?
653 1653 821 1696 Melius
842 1647 1037 1707 egerunt
1066 1652 1215 1705 igitur
1248 1666 1308 1693 an
1338 1652 1509 1706 peius?

240 1719 363 1761 Nam
382 1718 422 1761 si
449 1718 595 1772 peius,
615 1718 679 1760 sic
709 1718 866 1772 potius
886 1717 1092 1771 oportuit
1113 1717 1219 1768 dici,
1237 1718 1292 1758 ut
1321 1716 1508 1770 scripse-

240 1785 374 1835 runt3
422 1783 461 1824 si
498 1783 679 1834 melius,
718 1783 782 1824 sic
820 1782 978 1836 potius
1016 1780 1222 1835 oportuit
1261 1781 1416 1832 scribi,
1452 1782 1508 1823 ut

185 1856 228 1889 55
241 1847 469 1890 dixerunt.
528 1847 652 1901 Quid
683 1849 830 1900 ergo?
886 1846 1074 1900 Semper
1105 1846 1170 1888 sic
1201 1847 1308 1898 aget
1339 1847 1509 1897 orator,

240 1914 294 1954 ut
323 1912 528 1954 scribet?
583 1912 632 1955 Si
659 1911 832 1962 licebit,
862 1924 1051 1964 semper.
1110 1909 1286 1963 Quodsi
1314 1908 1508 1962 impedi-

241 1978 323 2018 ant
352 1976 582 2018 brevitate
601 1977 812 2029 tempora
844 1989 872 2016 a
904 1975 1056 2016 iudice
1087 1974 1209 2025 data,
1228 1973 1434 2015 multum
1453 1987 1509 2015 ex

241 2054 307 2092 eo,
337 2040 460 2094 quod
491 2040 699 2093 oportuit
730 2039 836 2091 dici,
861 2039 1114 2092 recidetur3
1144 2038 1286 2080 editio
1316 2038 1509 2080 habebit

242 2106 409 2148 omnia.
486 2104 614 2158 Quae
644 2106 801 2146 tamen
833 2104 1086 2146 secundum
1127 2105 1346 2145 naturam
1389 2102 1509 2144 iudi-

242 2170 451 2212 cantium
470 2169 596 2211 dicta
615 2171 739 2220 sunt,
758 2183 853 2210 non
871 2169 940 2210 ita
958 2169 1155 2222 posteris
1173 2167 1432 2219 tradentur,
1451 2180 1509 2210 ne

187 2239 231 2273 56
242 2234 492 2277 videantur
519 2233 745 2287 propositi
775 2233 932 2284 fuisse,
961 2247 1054 2274 non
1082 2232 1316 2286 temporis.
1387 2231 1509 2274 Nam

242 2298 292 2341 id
337 2312 519 2354 quoque
565 2298 822 2352 plurimum
868 2297 1025 2349 refert,
1072 2297 1301 2350 quomodo
1347 2296 1508 2339 audire
