1696 2638
249 188 333 229 148
532 183 652 218 ler.
685 183 893 217 ORATOR.
924 182 1007 216 ΧΠ.
1039 182 1091 223 11,
1121 180 1240 216 27-30.

248 312 338 353 que
372 298 603 341 Cicerone.
671 295 883 349 Denique
916 294 1144 348 quidquid
1174 295 1243 335 est
1273 293 1517 347 optimum,

249 365 356 405 ante
392 377 487 405 non
524 363 691 405 fuerat.
749 360 928 402 Verum
972 359 1154 402 etiamsi
1191 357 1296 411 quis
1336 371 1517 399 summa

249 427 470 481 desperet,
493 426 636 480 (quod
669 439 752 467 cur
781 424 940 475 faciat,
959 423 1035 466 cui
1065 422 1321 476 ingenium,
1339 421 1518 463 valetu-

249 492 322 543 do,
350 491 565 542 facultas,
598 491 916 544 praeceptores
952 502 1046 530 non
1084 487 1276 529 deerunt
1294 486 1329 540 ?)
1361 488 1518 528 tamen

250 559 331 607 est,
350 558 404 597 ut
425 556 585 599 Cicero
605 555 686 606 ait,
705 553 956 608 pulchrum
981 553 1039 594 in
1060 550 1329 594 secundis
1357 550 1518 592 terti-

195 625 238 658 27
250 621 265 661 i
277 634 298 662 s
309 634 379 673 qu
390 634 413 662 6
433 633 456 661 6
467 634 535 661 011
546 619 766 661 sistere.
817 618 977 670 Neque
993 617 1130 667 enim,
1143 615 1182 657 si
1197 615 1301 668 quis
1316 614 1519 657 Achillis

251 684 448 738 gloriam
485 684 536 725 in
572 682 752 725 bellicis
791 681 1007 735 consequi
1036 695 1130 722 non
1166 681 1331 734 potest,
1359 679 1519 721 Aiacis

251 750 333 790 aut
363 746 599 789 Diomedis
630 745 816 788 laudem
847 744 1186 799 aspernabitur,
1205 757 1289 786 nec
1317 743 1399 797 qui
1425 743 1520 785 Ho-

250 816 367 858 meri
399 829 506 867 non,
540 815 740 869 Tyrtaei.
827 814 952 868 Quin
989 813 1133 854 immo
1171 812 1211 854 si
1247 811 1369 853 hanc
1398 810 1520 864 cogi-

215 920 225 926 .
250 881 475 923 tationem
500 879 712 921 homines
742 878 1028 929 habuissent,
1047 879 1101 919 ut
1120 890 1256 919 nemo
1287 889 1334 918 se
1363 874 1521 917 melio-

251 959 350 987 rem
380 944 480 986 fore
499 957 565 995 6ο,
585 943 666 996 qui
697 943 902 997 optimus
927 942 1107 993 fuisset,
1127 941 1449 991 arbitraretur,
1468 938 1519 981 hi

251 1010 356 1063 ipsi,
393 1008 474 1062 qui
508 1010 618 1050 sunt
655 1007 834 1061 optimi,
866 1021 960 1049 non
994 1006 1208 1056 fuissent,
1238 1018 1387 1058 neque
1417 1004 1521 1058 post

254 1074 525 1116 Lucretium
555 1086 608 1114 ac
637 1072 850 1114 Macrum
869 1070 1110 1124 Vergilius
1140 1083 1224 1111 nec
1254 1070 1359 1123 post
1389 1068 1522 1112 Cras-

254 1152 358 1180 sum
386 1140 431 1180 et
462 1136 767 1179 Hortensium
797 1136 972 1187 Cicero,
993 1134 1071 1177 sed
1099 1147 1183 1176 nec
1203 1132 1289 1185 illi,
1308 1132 1390 1186 qui
1418 1133 1522 1186 post

198 1210 241 1244 28
254 1217 329 1246 eos
349 1203 554 1245 fuerunt.
611 1202 790 1244 Verum
809 1203 863 1242 ut
891 1199 1164 1242 transeundi
1195 1212 1296 1252 spes
1315 1211 1409 1239 non
1437 1197 1523 1251 sit3

253 1280 425 1320 magna
471 1268 628 1308 tamen
676 1267 744 1307 est
793 1265 999 1318 dignitas
1049 1262 1370 1316 subsequendi.
1444 1262 1523 1303 An

255 1331 404 1374 Pollio
424 1333 469 1373 et
489 1329 699 1382 Messala,
715 1329 796 1383 qui
815 1330 910 1371 iam
926 1328 1147 1372 Cicerone
1167 1340 1319 1369 arcem
1338 1327 1523 1369 tenente

255 1395 543 1449 eloquentiae
563 1408 699 1448 agere
719 1395 982 1448 coeperunt,
1002 1406 1170 1446 parum
1188 1391 1240 1433 in
1254 1390 1355 1433 vita
1373 1390 1524 1444 digni-

255 1460 367 1502 tatis
388 1459 668 1509 habuerunt,
696 1472 865 1512 parum
896 1457 955 1499 ad
985 1458 1192 1511 posteros
1226 1454 1402 1509 gloriae
1431 1456 1524 1496 tra-

256 1524 512 1566 diderunt?
580 1522 771 1576 Alioqui
811 1521 1007 1576 pessime
1040 1521 1096 1563 de
1132 1520 1270 1562 rebus
1306 1518 1525 1561 humanis

256 1588 503 1644 perductae
521 1587 572 1629 in
592 1601 828 1629 summum
856 1588 978 1628 artes
1006 1587 1307 1636 mererentur,
1329 1583 1382 1636 si,
1401 1582 1525 1637 quod

199 1665 243 1699 29
258 1654 501 1708 optimum,
538 1652 716 1695 fuisset.
785 1651 919 1693 Adde
957 1650 1080 1704 quod
1113 1663 1307 1703 magnos
1343 1648 1526 1690 modica

258 1732 439 1772 quoque
467 1717 730 1770 eloquentia
757 1716 881 1770 parit
910 1715 1107 1766 fructus,
1127 1728 1194 1766 ac,
1212 1714 1253 1756 si
1281 1713 1386 1767 quis
1412 1713 1525 1754 haec

258 1784 414 1827 studia
427 1783 634 1825 utilitate
654 1781 752 1824 sola
774 1780 1010 1831 metiatur,
1030 1792 1174 1833 paene
1194 1778 1266 1819 illi
1295 1777 1526 1832 perfectae

257 1862 342 1903 par
380 1850 459 1891 est.
517 1847 678 1900 Neque
711 1847 811 1888 erat
849 1844 1033 1886 difficile
1066 1843 1142 1885 vel
1175 1842 1413 1885 veteribus
1450 1839 1526 1883 vel

257 1913 392 1955 novis
412 1911 634 1966 exemplis
652 1910 807 1965 palam
829 1909 993 1960 facere,
1008 1922 1102 1950 non
1122 1906 1310 1949 aliunde
1329 1906 1526 1948 maiores

259 1991 379 2031 opes,
408 1977 618 2027 honores,
649 1973 893 2025 amicitias,
917 1972 1103 2015 laudem
1132 1972 1434 2026 praesentem,
1453 1970 1526 2012 fu-

257 2042 414 2083 turam
428 2040 698 2082 hominibus
718 2038 989 2091 contigisse:
1019 2037 1111 2078 nisi
1138 2035 1387 2089 indignum
1404 2034 1526 2077 litte-

258 2105 324 2147 ris
357 2107 487 2156 esset,
516 2105 574 2146 ab
609 2116 743 2157 opere
775 2101 1104 2157 pulcherrimo,
1134 2100 1267 2142 cuius
1297 2100 1527 2141 tractatus

260 2171 398 2223 atque
417 2169 518 2223 ipsa
537 2167 762 2222 possessio
781 2166 1098 2221 plenissimam
1127 2163 1296 2206 studiis
1323 2163 1527 2218 gratiam

245 2235 417 2285 -refert,
453 2233 574 2275 hanc
601 2232 829 2274 minorem
875 2230 1057 2284 exigere
1093 2228 1365 2280 mercedem,
1399 2241 1528 2270 more

261 2312 434 2348 eorum,
464 2297 544 2350 qui
583 2311 610 2338 a
647 2310 695 2338 se
731 2310 825 2337 non
861 2295 1076 2345 Virtutes,
1109 2293 1187 2335 sed
1223 2292 1529 2347 voluptatem,

205 2380 251 2417 30
261 2376 379 2417 quae
406 2362 459 2404 fit
478 2376 535 2404 ex
553 2360 825 2412 virtutibus,
842 2360 939 2415 peti
967 2359 1140 2401 dicunt.
1197 2357 1354 2413 Ipsam
1379 2355 1528 2412 igitur
