1696 2638
431 134 544 170 INST
586 134 794 170 ORATOR.
826 133 908 176 XII,
941 134 993 176 10,
1027 135 1144 170 11-15.
1339 133 1424 179 127

150 248 260 293 licet
288 248 574 303 Polygnotos
597 247 673 291 vel
702 247 920 291 Callonas
949 247 1162 302 appelles.
1220 247 1424 290 Mediam

151 314 283 358 illam
312 314 512 355 formam
532 315 722 355 teneant
751 313 802 356 L.
822 313 1032 364 Crassus,
1053 312 1104 366 Q.
1128 313 1422 356 Hortensius.

152 379 273 421 Tum
293 378 456 421 deinde
477 378 731 420 efflorescat
759 392 853 420 non
880 377 1087 420 multum
1116 377 1239 419 inter
1267 391 1315 419 se
1334 377 1424 420 dis·
1438 385 1479 419 11

151 444 357 486 tantium
402 446 609 497 tempore
656 446 897 485 oratorum
943 443 1109 496 ingens
1154 445 1422 496 proventus.

153 509 245 551 Hic
282 508 381 550 vim
419 508 643 560 Caesaris,
679 507 885 550 indolem
923 507 1084 558 Caelii,
1113 507 1424 550 subtilitatem

153 573 337 624 Calidii,
366 572 661 625 diligentiam
689 571 927 623 Pollionis,
947 572 1225 625 dignitatem
1255 572 1424 614 Messa-

151 637 237 689 lae,
257 637 552 679 sanctitatem
573 636 723 688 Calvi,
743 636 1028 690 gravitatem
1057 636 1209 688 Bruti,
1229 650 1425 679 acumen

153 702 362 756 Sulpicii,
399 702 700 744 acerbitatem
747 701 897 745 Cassii
934 701 1216 755 reperiemus
1228 717 1240 755 ;
1286 701 1337 743 in
1364 701 1424 744 iis

152 767 308 818 etiam,
340 780 455 820 quos
488 766 578 820 ipsi
603 766 824 817 vidimus,
857 766 1040 820 copiam
1073 766 1282 818 Senecae,
1301 767 1425 809 vires

152 829 383 880 Africani,
402 829 724 871 maturitatem
743 829 871 881 Afri,
889 829 1233 876 iucunditatem
1257 829 1425 884 Crispi,

153 908 319 937 sonum
366 894 596 946 Trachali,
633 894 915 947 elegantiam
963 894 1174 937 Secundi.
1249 895 1317 936 At
1361 895 1422 938 M.
1438 902 1481 936 12

153 959 362 1001 Tullium
382 973 475 1001 non
503 958 641 1000 illum
668 959 896 1001 habemus
925 959 1283 1013 Euphranorem
1302 960 1426 1002 circa

151 1023 301 1079 pluris
331 1023 506 1065 artium
536 1023 709 1077 species
739 1025 1069 1078 praestantem,
1090 1023 1169 1066 sed
1198 1024 1249 1065 in
1279 1024 1426 1066 omni-

151 1089 254 1140 bus,
272 1102 390 1142 quae
409 1088 459 1130 in
479 1102 662 1142 quoque
690 1088 959 1140 laudantur,
988 1088 1423 1132 eminentissimum.

153 1153 302 1208 Quem
321 1155 478 1195 tamen
493 1155 538 1195 et
559 1166 751 1195 suorum
770 1153 982 1195 homines
1001 1155 1267 1208 temporum
1282 1153 1425 1196 inces-

153 1232 251 1260 sere
288 1218 522 1260 audebant
568 1219 623 1259 ut
668 1217 969 1260 tumidiorem
1016 1220 1062 1261 et
1100 1218 1333 1260 Asianum
1379 1221 1425 1261 et

151 1283 489 1325 redundantem
519 1284 565 1324 et
594 1282 646 1324 in
676 1282 1034 1336 repetitionibus
1067 1283 1269 1325 nimium
1299 1286 1344 1326 et
1374 1284 1425 1326 in

152 1347 328 1390 salibus
365 1346 616 1400 aliquando
654 1346 884 1400 frigidum
921 1349 967 1390 et
1003 1347 1055 1389 in
1093 1348 1425 1402 compositione

152 1412 370 1464 fractum,
389 1411 678 1454 exultantem
697 1425 750 1454 ac
773 1426 932 1466 paene,
952 1411 1077 1466 quod
1105 1412 1269 1466 procul
1289 1413 1425 1464 absit,

151 1477 256 1519 viro
292 1477 577 1531 molliorem;
616 1479 776 1531 postea
815 1491 926 1520 vero
964 1491 1106 1532 quam
1136 1477 1425 1520 triumvirali
1439 1485 1482 1520 13

152 1542 487 1596 proscriptione
503 1544 806 1597 consumptus
822 1545 904 1594 est,
923 1543 1098 1597 passim
1117 1543 1199 1597 qui
1219 1543 1426 1595 oderant,

153 1607 235 1660 qui
280 1607 569 1659 invidebant,
615 1607 696 1661 qui
743 1607 1115 1659 aemulabantur,
1162 1607 1426 1650 adulatores

152 1672 292 1714 etiam
321 1673 576 1726 praesentis
605 1673 853 1726 potentiae,
873 1687 967 1714 non
995 1686 1329 1727 responsurum
1357 1673 1425 1714 in-

152 1739 386 1779 vaserunt.
444 1736 530 1779 Ille
562 1739 734 1788 tamen,
763 1737 844 1790 qui
873 1737 1058 1779 ieiunus
1087 1751 1116 1779 a
1143 1737 1426 1791 quibusdam

152 1803 198 1844 et
231 1802 390 1844 aridus
427 1802 641 1853 habetur,
670 1815 766 1844 non
803 1802 940 1844 aliter
977 1802 1036 1844 ab
1070 1802 1184 1856 ipsis
1221 1802 1426 1844 inimicis

152 1866 273 1909 male
292 1867 454 1909 audire
473 1881 614 1920 quam
629 1866 788 1908 nimiis
808 1866 1001 1909 floribus
1022 1868 1068 1909 et
1087 1867 1266 1920 ingenii
1281 1867 1426 1908 adflu-

153 1932 279 1987 entia
307 1931 473 1986 potuit.
532 1931 725 1973 Falsum
755 1933 1022 1985 utrumque,
1042 1931 1122 1973 sed
1140 1933 1310 1974 'tamen
1343 1931 1427 1973 illa

153 1997 407 2039 mentiendi
436 1996 625 2051 propior
644 1996 833 2039 occasio.
891 1996 1145 2054 Praecipue
1164 2010 1276 2039 vero
1304 2010 1427 2051 pres·
1440 2004 1484 2039 14

154 2063 314 2103 serunt
343 2075 462 2112 eum,
482 2061 564 2115 qui
583 2060 734 2103 videri
754 2061 1025 2103 Atticorum
1044 2061 1303 2104 imitatores
1323 2076 1428 2104 con-

154 2126 406 2180 cupierant.
465 2127 592 2168 Haec
612 2140 794 2178 manus,
815 2127 948 2180 quasi
978 2126 1260 2180 quibusdam
1284 2127 1427 2170 sacris

153 2189 354 2242 initiata,
373 2193 427 2232 ut
455 2191 766 2244 alienigenam
787 2193 832 2233 et
861 2205 1029 2245 parum
1049 2192 1428 2246 superstitiosum

155 2255 515 2309 devinctumque
552 2256 648 2298 illis
685 2256 868 2310 legibus
906 2256 1264 2310 insequebatur;
1304 2258 1428 2300 unde

154 2333 279 2362 nunc
298 2334 481 2374 quoque
511 2320 632 2363 aridi
660 2323 706 2363 et
738 2321 923 2364 exsucci
953 2323 999 2364 et
1032 2335 1303 2376 exsangues.
1361 2322 1427 2364 Hi
1442 2326 1484 2360 15
