1696 2638
487 172 608 208 ms'r.
640 171 848 207 ORATOR.
879 170 922 215 x,
955 172 985 215 7,
1018 170 1115 207 7-10.
1383 171 1439 218 79

171 286 311 340 duce3
338 288 528 341 propter
555 286 679 340 quod
706 286 918 328 homines
947 286 1088 328 etiam
1107 285 1286 328 modice
1314 300 1440 328 exer-

170 351 303 394 citati
322 350 550 393 facillime
572 353 779 393 tenorem
798 350 849 392 in
867 350 1217 392 narrationibus
1237 352 1438 394 servant.

171 416 361 467 Deinde,
394 415 507 469 quid
541 429 724 469 quoque
757 415 858 458 loco
891 417 1132 469 quaerant,
1165 415 1325 466 scient,
1355 429 1439 458 nec

170 480 623 535 circumspectabunt
674 484 757 523 nec
804 480 1109 523 offerentibus
1156 494 1202 522 se
1251 480 1439 524 aliunde

170 546 380 588 sensibus
408 545 728 588 turbabuntur
746 560 830 588 nec
859 545 1146 588 confundent
1158 559 1215 587 ex
1243 545 1439 588 diversis

170 610 426 653 orationem
454 610 584 653 velut
615 610 831 653 salientes
860 611 953 654 huc
982 610 1096 652 illuc
1126 624 1209 652 nec
1238 624 1439 664 usquam

168 676 446 718 insistentes
495 676 735 718 Postremo
754 675 995 718 habebunt
1014 675 1206 717 modum
1221 678 1267 717 et
1286 676 1439 727 finem,
1452 685 1474 719 '7

169 740 251 794 qui
270 754 367 783 esse
386 741 504 782 citra
523 740 801 783 divisionem
821 740 979 783 nullus
1006 742 1170 795 potest.
1227 740 1439 794 Expletis

168 819 254 859 pro
286 804 513 847 facultate
547 805 778 857 omnibus,
812 819 931 858 quae
963 804 1306 860 proposuerint,
1338 818 1439 859 per-

169 869 350 912 venisse
370 883 418 912 se
436 869 496 912 ad
515 869 739 912 ultimum
759 870 972 913 sentient.

250 1000 312 1042 Et
341 999 454 1042 haec
486 999 675 1053 quidem
695 1014 752 1042 ex
783 1002 896 1052 arte,
915 1000 1000 1042 illa
1029 1014 1142 1043 vero
1174 1014 1230 1042 ex
1261 1000 1439 1044 studio:

168 1066 223 1106 ut
241 1064 422 1118 copiam
443 1065 667 1107 sermonis
696 1064 876 1119 optimi,
896 1065 1287 1118 quemadmodum
1312 1079 1441 1119 prae-

169 1130 355 1182 ceptum
374 1130 443 1170 est
471 1142 818 1183 comparemus3
846 1129 998 1171 multo
1017 1143 1071 1172 ac
1091 1129 1217 1172 fideli
1247 1130 1355 1172 stilo
1375 1130 1441 1172 sic

169 1192 399 1234 formetur
445 1193 608 1245 oratio,
644 1196 700 1236 ut
738 1194 1019 1248 scriptorum
1057 1194 1258 1237 colorem
1299 1194 1442 1237 etiam

168 1263 290 1310 quae*
315 1257 470 1299 subito
499 1258 648 1300 effusa
676 1259 771 1301 sint
804 1259 1026 1312 reddant3
1054 1261 1122 1311 ut,
1155 1273 1262 1302 cum
1290 1259 1442 1302 multa

169 1321 504 1375 scripserimus,
537 1323 679 1365 etiam
717 1323 868 1365 multa
901 1324 1123 1367 dicamus.
1182 1325 1304 1366 Nam
1337 1329 1476 1367 con-8

169 1386 365 1428 suetudo
385 1389 431 1429 et
460 1388 729 1430 exercitatio
758 1388 1036 1431 facilitatem
1063 1390 1266 1431 maxime
1293 1390 1442 1444 parit3

168 1464 287 1504 quae
306 1451 345 1493 si
366 1451 613 1505 paululum
632 1453 899 1495 intermissa
928 1454 1085 1506 fuerit,
1106 1468 1200 1496 non
1219 1454 1442 1497 velocitas

167 1515 251 1557 illa
268 1516 405 1558 modo
433 1516 662 1569 tardatur,
683 1517 762 1560 sed
790 1518 946 1572 ipsum
974 1532 1025 1560 os
1051 1533 1233 1573 quoque
1253 1533 1442 1561 concur-

167 1580 242 1622 rit.
300 1579 594 1634 Quamquam
615 1581 739 1623 enim
768 1596 884 1636 opus
905 1585 974 1625 est
1002 1583 1207 1625 naturali
1238 1584 1442 1637 quadam

169 1644 432 1687 mobilitate
452 1645 612 1697 animi,
631 1649 699 1698 ut,
718 1647 832 1688 dum
857 1648 1071 1701 proxima
1091 1648 1303 1700 dicimus,
1323 1651 1442 1691 stru-

168 1722 243 1752 ere
262 1709 486 1752 ulteriora
504 1710 748 1764 possimus,
768 1725 1038 1766 semperque
1057 1715 1266 1754 nostram
1281 1727 1442 1756 vocem

168 1774 356 1827 provisa
375 1777 421 1816 et
450 1775 905 1834 formatacogitatio
925 1777 1140 1831 excipiat,
1170 1778 1252 1819 vix
1285 1780 1476 1821 tamen9

169 1841 252 1881 aut
283 1842 455 1881 natura
484 1843 567 1882 aut
599 1841 721 1883 ratio
750 1841 802 1883 in
831 1843 930 1883 tam
960 1842 1210 1896 multiplex
1239 1843 1443 1886 officium

169 1903 386 1946 diducere
423 1905 634 1947 animum
664 1908 817 1959 queat,
846 1909 902 1948 ut
938 1907 1216 1959 inventioni,
1249 1908 1443 1962 disposi-

169 1968 301 2020 tioni,
320 1969 585 2022 elocutioni,
605 1970 758 2012 ordini
786 1984 944 2013 rerum
963 1972 1320 2026 verborumque,
1339 1975 1442 2015 tum

169 2032 242 2084 iis,
261 2046 379 2086 quae
407 2033 534 2085 dicit,
554 2048 672 2087 quae
701 2030 1039 2078 subiuncturus
1067 2038 1150 2088 est,
1169 2051 1288 2091 quae
1315 2037 1444 2079 ultra

170 2097 419 2150 spectanda
453 2100 575 2150 sunt,
609 2098 823 2141 adhibita
854 2101 997 2152 vocis,
1030 2101 1443 2154 pronuntiationis,

170 2163 327 2214 gestus
347 2162 684 2215 observatione,
705 2164 846 2205 simul
866 2165 1077 2208 sufficiat.
1137 2167 1295 2220 Longe
1316 2167 1442 2209 enim
1456 2174 1498 2208 10

169 2226 413 2279 praecedat
443 2230 624 2281 oportet
657 2228 856 2271 intentio
886 2243 939 2271 ac
976 2244 1087 2283 prae
1125 2244 1172 2273 se
1209 2245 1282 2273 res
1319 2233 1444 2285 agat,

170 2293 489 2344 quantumque
509 2292 702 2334 dicendo
723 2294 1028 2345 consumitur,
1046 2297 1234 2336 tantum
1259 2310 1315 2338 ex
1334 2296 1444 2338 ulti-

170 2367 247 2395 mo
275 2358 566 2409 prorogetur,
584 2359 652 2408 ut,
671 2356 817 2400 donec
845 2359 1173 2412 perveniamus
1201 2359 1261 2401 ad
1290 2360 1444 2411 finem,
