1696 2638
482 172 604 209 INsT.
637 172 845 209 ORATOR.
877 172 920 216 X,
951 173 983 216 3,
1016 173 1134 210 17-21.
1392 175 1447 218 65

176 287 217 331 si
234 287 355 330 nihil
374 287 622 330 dicendum
643 287 872 338 videatur,
891 287 982 329 nisi
1002 287 1127 341 quod
1156 301 1251 329 non
1269 287 1447 329 inveni-

174 366 292 396 mus.
341 352 591 395 Diversum
607 354 676 394 est
689 352 800 394 huic
817 366 978 394 eorum
993 352 1179 404 vitium,
1194 352 1276 406 qui
1294 351 1448 406 primo
1463 356 1504 390 17

175 417 419 459 decurrere
451 431 533 472 per
563 417 809 459 materiam
843 417 950 459 stilo
983 431 1126 470 quam
1155 417 1448 460 velocissimo

174 481 342 524 volunt
375 483 420 524 et
454 484 695 536 sequentes
726 482 926 524 calorem
959 484 1099 535 atque
1131 481 1360 536 impetum
1391 497 1447 526 ex

174 549 381 600 tempore
408 546 643 598 scribunt;
670 546 793 588 hanc
823 546 1034 588 silvam
1064 549 1245 590 vocant.
1302 547 1447 602 Repe-

173 613 282 652 tunt
299 610 474 653 'deinde
505 613 551 653 et
581 613 867 665 componunt
898 625 1016 665 quae
1039 611 1333 664 veffuderant;
1367 612 1446 655 sed

174 674 318 716 verba
330 674 637 716 emendantur
650 676 695 716 et
709 674 908 726 numeri,
919 676 1078 717 manet
1088 674 1139 716 in
1153 675 1292 718 rebus
1307 677 1447 718 teme-

174 752 224 781 re
244 739 488 793 congestis,
503 753 621 793 quae
641 739 750 791 fuit,
768 739 948 782 levitas.
996 740 1219 783 Protinus
1239 754 1349 794 ergo
1368 740 1446 783 ad-
1461 747 1502 781 18

173 803 334 847 hibere
353 818 515 847 curam
540 804 714 846 rectius
734 804 823 847 erit
851 807 991 858 atque
1010 805 1069 847 ab
1088 805 1224 847 initio
1245 805 1309 848 sic
1330 819 1446 860 opus

174 868 356 921 ducere,
383 871 438 911 ut
471 869 760 921 caelandum,
787 883 882 911 non
915 883 972 912 ex
1003 870 1186 924 integro
1215 871 1447 913 fabrican-

174 931 288 974 dum
322 933 393 976 sit.
451 933 722 987 Aliquando
750 935 907 976 tamen
940 934 1152 977 adfectus
1186 949 1446 989 sequemur,

173 996 224 1039 in
242 997 413 1051 quibus
434 998 532 1040 fere
551 998 658 1052 plus
678 998 804 1041 calor
817 1008 965 1053 'quam
985 999 1229 1053 diligentia
1248 1001 1385 1044 valet.

255 1063 377 1106 Satis
414 1065 608 1118 apparet
641 1077 698 1106 ex
730 1078 797 1116 eo,
827 1065 952 1118 quod
988 1065 1110 1107 hanc
1142 1066 1446 1108 scribentium
1459 1071 1502 1106 19

173 1127 516 1182 neglegentiam
536 1128 720 1181 damno,
740 1129 854 1183 quid
885 1129 941 1172 de
961 1130 1056 1172 illis
1076 1130 1271 1172 dictan
1285 1131 1342 1172 di
1372 1131 1446 1173 de-

173 1192 294 1235 liciis
325 1193 534 1236 sentiam.
593 1194 714 1236 Nam
745 1194 795 1236 in
829 1194 937 1236 stilo
966 1194 1155 1248 quidem
1188 1188 1446 1248 quamlibet

173 1260 420 1312 properato
459 1258 540 1301 dat
577 1258 785 1312 aliquam
823 1259 1097 1313 cogitationi
1134 1273 1315 1302 moram
1351 1274 1446 1302 non

174 1336 456 1376 consequens
477 1323 762 1367 celeritatem
777 1324 877 1367 eius
895 1338 1087 1378 manus3
1113 1324 1192 1367 ille
1208 1325 1284 1367 cui
1304 1325 1446 1367 dicta-

173 1400 279 1429 mus
307 1390 459 1442 urget,
481 1390 622 1442 atque
655 1389 845 1431 interim
877 1389 1023 1443 pudet
1055 1389 1196 1431 etiam
1230 1389 1446 1432 dubitare

174 1453 258 1494 aut
276 1452 489 1495 resistere
512 1455 596 1495 aut
625 1455 823 1505 mutare,
842 1453 977 1507 quasi
997 1454 1233 1496 conscium
1252 1454 1446 1496 infirmi-

173 1516 286 1559 tatis
322 1519 508 1561 nostrae
546 1518 767 1561 timentis.
840 1518 944 1572 Quo
982 1518 1048 1570 fit,
1085 1520 1140 1560 ut
1177 1532 1271 1560 non
1308 1519 1446 1561 rudia
1459 1523 1504 1557 20

173 1582 362 1624 tantum
392 1584 438 1625 et
468 1582 681 1634 fortuita,
712 1582 791 1625 sed
821 1582 1079 1637 impropria
1108 1583 1312 1634 interim,
1332 1583 1446 1625 dum

175 1645 273 1688 sola
292 1648 362 1689 est
392 1647 694 1689 connectendi
725 1647 950 1689 sermonis
976 1647 1223 1701 cupiditas,
1242 1647 1447 1699 effluant,

175 1725 294 1765 quae
319 1725 402 1754 nec
433 1711 739 1754 scribentium
770 1725 931 1754 curam
962 1725 1045 1754 nec
1076 1711 1332 1754 dicentium
1362 1713 1447 1754 im—

174 1778 337 1830 petum
366 1778 721 1830 consequantur.
778 1777 846 1819 At
875 1777 1000 1819 idem
1029 1776 1124 1828 ille,
1148 1777 1230 1831 qui
1261 1778 1448 1832 excipit,

175 1841 215 1883 si
246 1841 425 1883 tardior
456 1841 506 1883 in
535 1841 778 1884 scribendo
808 1843 892 1884 aut
921 1841 1143 1884 incertior
1172 1842 1223 1883 in
1251 1842 1448 1895 legendo

175 1905 307 1948 velut
331 1905 583 1948 offensator
607 1906 717 1958 fuit,
736 1906 979 1948 inhibetur
998 1919 1175 1958 cursus,
1194 1909 1334 1960 atque
1354 1921 1448 1949 om-

176 1973 263 2022 nis,
282 1984 400 2024 quae
420 1973 534 2023 erat,
554 1974 801 2026 conceptae
821 1971 992 2013 mentis
1022 1970 1223 2013 intentio
1252 1985 1383 2013 mora
1403 1974 1449 2014 et

176 2034 414 2077 interdum
450 2036 696 2078 iracundia
725 2036 974 2079 excutitur.
1042 2036 1164 2079 Tum
1200 2036 1298 2088 illa,
1330 2051 1448 2090 quae
1461 2044 1502 2078 21

176 2099 391 2143 altiorem
422 2101 568 2143 animi
599 2103 781 2143 motum
812 2102 1073 2154 sequuntur
1106 2115 1316 2156 quaeque
1347 2102 1449 2156 ipsa

177 2164 388 2206 animum
437 2165 780 2219 quodammodo
831 2165 1081 2217 concitant,
1129 2180 1328 2219 quorum
1380 2168 1449 2208 est

176 2228 350 2272 iactare
378 2243 587 2281 manum,
606 2232 822 2283 torquere
841 2230 1044 2281 vultum,
1064 2230 1219 2272 femur
1249 2233 1294 2273 et
1323 2231 1449 2272 latus

176 2292 367 2336 interim
401 2294 664 2348 obiurgare,
694 2308 905 2348 quaeque
943 2295 1132 2337 Persius
1162 2297 1308 2347 notat,
1341 2309 1449 2337 cum

176 2356 548 2453 leviter5dicendi
568 2373 715 2414 genus
735 2359 984 2413 significat,
