1696 2638
275 151 360 194 144
550 151 670 186 1Nsr.
702 153 909 188 ORATOR.
940 152 1023 195 XII,
1055 154 1107 195 11,
1139 153 1257 189 10-13.

275 265 444 316 tamen,
463 279 520 307 ne
539 267 622 307 aut
641 279 814 319 magna
831 265 1032 308 nimium
1060 265 1222 308 videar
1242 265 1440 319 exigere,
1459 264 1542 319 qui

276 329 472 371 eundem
505 331 662 372 virum
698 330 875 372 bonum
907 344 1004 373 esse
1037 332 1083 372 et
1115 330 1300 372 dicendi
1337 331 1542 384 peritum

275 393 519 453 velim-aut
544 394 708 447 multa,
727 394 808 448 qui
837 396 908 437 tot
939 395 1120 437 artibus
1150 395 1202 436 in
1231 395 1434 449 pueritia
1453 395 1542 437 dis-

275 458 431 500 cendis
476 473 659 501 morum
696 473 880 513 quoque
925 461 1170 513 praecepta
1207 461 1253 501 et
1300 459 1542 502 scientiam

274 522 391 564 iuris
420 523 572 565 civilis
592 526 774 578 praeter
802 537 868 575 ea,
888 537 1005 577 quae
1024 524 1080 566 de
1100 523 1365 577 eloquentia
1392 523 1542 566 trade-

274 587 460 639 bantur,
490 587 749 639 adiecerim,
769 588 941 641 quique
970 588 1084 630 haec
1115 588 1243 642 operi
1276 590 1435 629 nostro
1466 601 1540 630 ne-

275 652 471 694 cessaria
489 666 586 694 esse
605 652 899 704 crediderint,
919 653 1050 695 velut
1068 666 1249 694 moram
1267 653 1335 694 rei
1354 652 1543 706 perhor-

219 720 262 755 10
274 718 455 758 rescant
492 719 538 759 et
575 716 815 771 desperent
857 719 965 759 ante
1002 717 1384 771 experimentum.
1450 716 1542 770 Qui

273 781 478 836 primum
509 783 777 824 renuntient
810 782 914 834 sibi,
944 785 1120 836 quanta
1152 782 1213 824 sit
1245 781 1441 823 humani
1473 781 1542 823 in*

274 846 400 900 genii
428 846 514 898 vis,
534 860 675 900 quam
703 848 866 900 potens
895 846 1121 888 efficiendi
1150 860 1267 900 quae
1287 845 1416 898 velit,
1435 860 1543 889 cum
1608 852 1611 854 '

273 910 423 952 maria
449 910 662 962 transire,
683 910 887 952 siderum
911 923 1074 952 cursus
1101 923 1410 963 numerosque
1439 923 1542 964 cog-

273 988 472 1025 noscere,
491 974 720 1016 mundum
748 975 904 1028 ipsum
932 988 1077 1028 paene
1096 974 1303 1016 dimetiri
1328 974 1543 1026 minores,

274 1039 353 1082 sed
390 1039 669 1081 difficiliores
699 1042 821 1081 artes
851 1040 1102 1094 potuerint.
1173 1039 1294 1081 Tum
1324 1039 1543 1092 cogitent,

274 1106 498 1158 quantam
534 1118 632 1147 rem
669 1106 844 1158 petant,
877 1117 1109 1158 quamque
1145 1104 1306 1146 nullus
1343 1104 1419 1156 sit,
1454 1104 1542 1147 hoc

218 1177 258 1214 11
273 1169 509 1223 proposito
545 1169 765 1223 praemio,
797 1169 930 1210 labor
967 1168 1261 1211 recusandus.
1331 1168 1465 1222 Quod
1502 1168 1541 1211 si

272 1235 426 1276 mente
454 1233 760 1287 conceperint,
779 1233 889 1274 huic
909 1247 1091 1286 quoque
1119 1233 1242 1287 parti
1264 1232 1452 1274 facilius
1471 1246 1543 1275 ac-

273 1298 449 1350 cedent,
462 1300 516 1339 ut
535 1298 690 1351 ipsum
709 1298 798 1339 iter
817 1311 965 1351 neque
984 1297 1267 1351 impervium
1286 1311 1434 1350 neque
1454 1297 1541 1339 sal-

272 1364 367 1405 tem
387 1362 557 1404 durum
575 1364 752 1416 putent.
810 1362 932 1404 Nam
951 1362 1014 1413 id,
1032 1362 1156 1416 quod
1175 1362 1307 1416 prius
1323 1361 1540 1415 quodque

272 1427 424 1469 maius
452 1429 534 1478 est,
552 1429 606 1468 ut
634 1427 745 1468 boni
766 1427 857 1468 viri
887 1427 1047 1478 simus,
1066 1426 1310 1468 voluntate
1338 1426 1541 1468 maxime

273 1493 477 1544 constat3
506 1505 646 1545 quam
674 1491 756 1544 qui
784 1505 895 1533 vera
923 1491 1012 1533 fide
1040 1490 1260 1542 induerit,
1281 1490 1419 1533 facile
1448 1504 1542 1533 eas-

218 1563 262 1599 12
273 1556 391 1607 dem,
421 1569 538 1609 quae
568 1556 794 1597 virtutem
827 1555 1006 1606 docent,
1039 1555 1154 1597 artis
1188 1555 1395 1609 accipiet.
1454 1555 1542 1598 Ne-

273 1634 362 1674 que
390 1621 514 1662 enim
544 1623 626 1662 aut
658 1622 757 1662 tam
786 1620 1016 1674 perplexa,
1049 1622 1132 1661 aut
1164 1622 1263 1662 tam
1295 1633 1543 1663 numerosa

273 1687 383 1727 sunt
402 1698 519 1738 quae
539 1685 905 1738 praecipiuntur,
923 1686 979 1726 ut
998 1698 1091 1726 non
1111 1698 1366 1738 paucorum
1386 1684 1541 1726 admo-

272 1749 386 1792 dum
432 1763 661 1791 annorum
707 1749 964 1791 intentione
1002 1749 1253 1791 discantur.
1331 1748 1542 1802 Longam

273 1814 397 1857 enim
416 1813 531 1855 facit
550 1827 750 1867 operam,
769 1813 893 1866 quod
921 1826 1258 1867 repugnamus:
1288 1812 1445 1854 brevis
1473 1814 1542 1855 est

272 1878 509 1921 institutio
536 1877 661 1920 vitae
689 1877 908 1919 honestae
936 1877 1203 1930 beataeque,
1233 1877 1272 1918 si
1301 1876 1435 1919 cedas
1462 1891 1542 1919 na-

272 1945 418 1985 turae.
475 1943 658 1984 Natura
696 1942 820 1984 enim
856 1955 941 1984 nos
978 1942 1037 1983 ad
1075 1943 1278 1983 mentem
1315 1942 1542 1996 optimam

273 2008 450 2062 genuit,
463 2007 665 2060 adeoque
681 2006 853 2048 discere
868 2006 1060 2048 meliora
1075 2006 1339 2048 volentibus
1358 2019 1542 2060 promp-

273 2074 376 2115 tum
406 2074 487 2123 est,
505 2074 560 2114 ut
575 2085 682 2114 vere
701 2071 906 2113 intuenti
935 2071 1109 2112 mirum
1140 2071 1200 2112 sit
1230 2070 1348 2112 illud
1378 2070 1542 2124 magis,

220 2148 262 2183 13
273 2136 420 2178 malos
449 2150 543 2179 esse
571 2138 670 2177 tam
698 2135 884 2178 multos.
942 2135 1063 2177 Nam
1092 2137 1146 2176 ut
1175 2148 1296 2188 aqua
1323 2135 1542 2189 piscibus,

273 2203 327 2243 ut
347 2202 467 2243 sicca
486 2201 694 2251 terrenis,
714 2200 1027 2242 circumfusus
1047 2199 1180 2241 nobis
1200 2199 1392 2253 spiritus
1411 2199 1542 2242 volu-

273 2266 430 2309 cribus
459 2265 688 2316 convenit,
713 2264 782 2306 ita
810 2266 931 2322 certe
960 2264 1146 2305 facilius
1175 2277 1271 2306 esse
1299 2263 1542 2318 oportebat

274 2329 528 2374 secundum
573 2330 791 2370 naturam
837 2342 979 2383 quam
1024 2330 1185 2370 contra
1230 2342 1333 2370 eam
1369 2328 1540 2372 vivere.
