1696 2638
522 194 645 230 ms'r.
677 194 886 229 ORATOR..
918 194 1002 236 XII,
1035 195 1065 236 1,
1095 195 1171 230 6-9.
1399 195 1456 238 89

182 311 262 353 tet.
319 310 394 352 Ita
428 309 616 351 demum
646 308 771 351 enim
801 308 951 350 libera
980 321 1034 350 ac
1061 309 1175 359 tota,
1204 306 1337 349 nulla
1366 306 1456 349 dis-

183 375 417 428 tringente
437 376 577 427 atque
592 372 684 415 alio
699 373 896 415 ducente
911 386 1065 424 causa,
1078 371 1305 426 spectabit
1323 371 1373 413 id
1388 385 1457 414 so·

183 440 297 491 lum,
316 439 375 481 ad
395 438 519 492 quod
547 437 820 491 accingitur.
878 437 1054 491 Quodsi
1069 450 1291 490 agrorum
1310 436 1491 478 nimiae

184 518 297 547 cura
315 506 361 546 et
389 502 633 545 sollicitior
653 502 722 544 rei
748 502 996 544 familiaris
1029 501 1276 555 diligentia
1303 503 1349 543 et
1381 515 1456 543 ve-

184 568 327 611 nandi
355 567 574 621 voluptas
603 568 648 609 et
676 566 775 608 dati
805 566 1080 623 spectaculis
1117 566 1215 608 dies
1251 565 1456 608 multum

185 632 352 675 studiis
389 632 613 674 auferunt
664 630 793 684 (huic
831 631 958 673 enim
995 631 1063 673 rei
1099 631 1221 686 perit
1258 633 1457 685 tempus,

185 697 509 751 quodcumque
529 692 665 738 alteri
684 695 860 749 datur),
875 696 989 749 quid
1007 698 1229 750 putamus
1249 696 1457 738 facturas

185 762 503 817 cupiditatem,
523 761 788 812 avaritiam,
807 760 1052 813 invidiam,
1081 775 1283 814 quarum
1311 762 1457 815 impo-

184 827 473 870 tentissimae
511 826 818 880 cogitationes
856 839 1040 868 somnos
1070 826 1213 868 etiam
1249 826 1374 880 ipsos
1411 828 1458 868 et

184 892 269 934 illa
286 906 369 947 per
389 891 593 945 quietem
609 891 711 933 visa
730 891 1008 945 perturbant
1027 894 1045 934 Ρ
1092 891 1225 933 Nihil
1246 893 1315 934 est
1334 891 1458 934 enim
1470 896 1492 931 ’1

185 959 284 1000 tam
330 958 624 1010 occupatum,
661 958 760 998 tam
798 956 1103 1008 multiforme,
1141 958 1212 998 tot
1259 970 1312 999 ac
1358 959 1457 998 tam

185 1022 331 1064 variis
350 1021 614 1064 adfectibus
630 1021 869 1063 concisum
884 1023 1024 1075 atque
1042 1021 1300 1064 laceratum
1316 1035 1458 1075 quam

185 1087 310 1129 mala
339 1100 481 1129 mens.
539 1086 663 1128 Nam
693 1087 739 1128 et
769 1099 876 1128 cum
906 1086 1171 1137 insidiatur,
1202 1100 1294 1140 spe,
1319 1087 1459 1138 curis,

185 1152 343 1196 labore
363 1151 677 1204 distringitur,
697 1153 742 1193 et
770 1151 913 1193 etiam
933 1165 1040 1193 cum
1069 1151 1253 1193 sceleris
1273 1165 1459 1205 compos

187 1215 294 1266 fuit,
314 1215 642 1267 sollicitudine,
656 1215 957 1269 paenitentia,
971 1230 1228 1270 poenarum
1248 1216 1459 1258 omnium

186 1280 505 1334 expectatione
532 1282 791 1333 torquetur.
849 1280 965 1334 Quis
993 1281 1117 1322 inter
1148 1280 1261 1323 haec
1289 1280 1459 1322 litteris

186 1347 270 1387 aut
297 1345 386 1387 ulli
413 1345 561 1387 bonae
594 1345 686 1387 arti
718 1345 886 1388 locus?
954 1346 1061 1387 Non
1093 1345 1281 1388 hercule
1308 1345 1460 1398 magis

188 1424 330 1463 quam
358 1410 579 1464 frugibus
607 1409 659 1452 in
687 1411 814 1452 terra
843 1410 1053 1452 sentibus
1082 1424 1136 1453 ac
1165 1410 1298 1453 rubis
1328 1424 1460 1453 occu-

186 1477 309 1530 pata.

268 1540 385 1593 Age,
412 1553 507 1582 non
545 1538 604 1581 ad
641 1539 940 1593 perferendos
978 1539 1242 1581 studiorum
1277 1539 1494 1582 laboress

186 1604 444 1647 necessaria
463 1603 715 1657 frugalitas
733 1605 751 1646 Ρ
806 1604 931 1658 Quid
950 1604 1099 1657 igitur
1118 1618 1174 1646 ex
1192 1603 1387 1646 libidine
1406 1617 1460 1646 ac

186 1669 377 1711 luxuria
400 1669 533 1723 spei?
588 1669 695 1711 Non
723 1668 970 1723 praecipue
998 1669 1126 1711 acuit
1146 1669 1204 1711 ad
1233 1668 1461 1723 cupidita·

188 1736 284 1777 tem
302 1734 568 1776 litterarum
588 1747 719 1775 amor
745 1733 936 1776 laudis?
991 1734 1119 1775 Num
1148 1733 1296 1787 igitur
1323 1733 1460 1776 malis

189 1812 286 1841 esse
313 1799 500 1841 laudem
520 1812 658 1840 curae
685 1800 944 1852 putamus?
1000 1799 1100 1840 Iam
1127 1798 1215 1840 hoc
1243 1799 1348 1852 quis
1366 1812 1461 1840 non

189 1863 332 1915 videt,
368 1863 623 1905 maximam
668 1864 851 1916 partem
887 1862 1112 1904 orationis
1157 1863 1209 1904 in
1255 1864 1461 1904 tractatu

189 1928 325 1981 aequi
343 1928 545 1981 bonique
573 1927 822 1969 consistere
840 1929 859 1970 Ρ
913 1927 1107 1969 Dicetne
1126 1926 1182 1969 de
1209 1927 1285 1969 his
1304 1941 1461 1969 secun·
1524 1967 1529 1971 .

190 1992 303 2034 dum
322 1993 527 2035 debitam
554 2005 712 2034 rerum
741 1991 1022 2045 dignitatem
1049 1991 1202 2034 malus
1230 1993 1370 2046 atque
1392 1992 1461 2034 in-

189 2071 340 2111 1quus.

271 2122 493 2175 Denique,
511 2122 566 2163 ut
585 2120 839 2163 maximam
862 2122 1044 2175 partem
1063 2120 1350 2175 quaestionis
1369 2120 1461 2163 exi-
1473 2123 1495 2159 9

190 2199 329 2238 mam,
359 2186 535 2237 demus,
565 2185 613 2227 id
648 2185 772 2239 quod
810 2185 942 2227 nullo
980 2185 1118 2228 modo
1157 2186 1257 2228 fieri
1296 2186 1462 2239 potest,

189 2250 313 2292 idem
331 2250 524 2303 ingenii,
543 2250 702 2301 studii,
722 2249 973 2301 doctrinae,
991 2250 1192 2304 pessimo
1221 2251 1361 2303 atque
1383 2263 1461 2303 op-

189 2314 306 2357 timo
325 2315 451 2357 viro:
480 2317 585 2356 uter
604 2314 768 2356 melior
783 2313 964 2356 dicetur
983 2316 1140 2356 orator
1158 2316 1176 2357 ?
1222 2314 1461 2356 Nimirum

189 2378 272 2435 qui
303 2378 443 2421 homo
471 2392 654 2434 quoque
681 2378 858 2421 melior.
925 2378 1032 2421 Non
1060 2379 1210 2434 igitur
1236 2392 1460 2434 umquam
