1696 2638
262 179 323 227 ‘54
575 179 696 216 INST.
727 181 935 216 ORATOR.
965 180 1009 224 X,
1040 183 1071 224 5,
1103 183 1221 218 18-21.

263 292 483 336 inanibus
511 307 558 335 se
578 293 838 336 simulacris
857 308 1004 349 usque
1024 294 1150 347 adeo,
1169 297 1223 337 ut
1249 295 1449 339 difficilis
1468 297 1528 340 ab

262 356 337 399 his
367 357 602 410 digressus
633 358 708 409 sit,
738 358 1046 411 adsuefacere,
1064 373 1121 401 ne
1152 359 1211 401 ab
1241 359 1337 411 illa,
1356 360 1406 402 in
1436 374 1529 414 qua

262 435 404 476 prope
424 424 778 474 consenuerunt,
796 423 964 465 umbra
983 437 1094 465 vera
1113 423 1383 466 discrimina
1397 425 1528 467 velut

208 487 250 522 18
262 485 492 541 quendam
512 486 655 528 solem
674 487 988 530 reformident.
1046 487 1180 541 Quod
1209 489 1428 532 accidisse
1447 489 1528 531 eti-

262 564 338 591 am
358 551 523 592 Porcio
545 551 752 602 Latroni,
772 551 852 604 qui
871 552 1051 606 primus
1071 551 1185 594 clari
1205 553 1407 596 nominis
1426 567 1528 607 pro-

262 615 408 657 fessor
434 615 542 666 fuit,
560 615 778 667 traditur,
797 617 864 667 ut,
885 629 991 658 cum
1011 616 1052 658 ei
1081 630 1312 659 summam
1331 618 1382 659 in
1400 618 1528 660 scho-

261 679 320 721 lis
335 680 599 733 opinionem
614 681 844 722 obtinenti
864 694 1003 722 causa
1021 681 1072 722 in
1091 682 1193 723 foro
1209 684 1326 724 esset
1341 682 1528 734 oranda,

261 744 466 798 impense
485 745 684 798 petierit,
703 745 775 786 uti
795 745 1013 787 subsellia
1032 746 1082 787 in
1110 746 1352 788 basilicam
1379 749 1528 790 trans-

261 808 508 852 ferrentur.
567 810 640 851 Ita
667 809 738 851 illi
768 810 947 851 caelum
975 824 1150 852 novum
1178 811 1285 862 fuit,
1303 813 1358 853 ut
1377 812 1527 854 omnis

261 874 359 916 eius
378 874 640 928 eloquentia
659 875 885 916 contineri
905 876 1027 917 tecto
1047 879 1099 917 ac
1127 876 1384 929 parietibus
1402 877 1527 920 vide-

207 942 250 977 19
261 940 400 982 retur.
469 939 622 993 Quare
659 939 856 990 iuvenis,
885 939 965 992 qui
1002 940 1230 990 rationem
1258 940 1527 983 inveniendi

261 1002 593 1055 eloquendique
613 1016 641 1044 a
668 1003 1044 1056 praeceptoribus
1073 1003 1320 1057 diligenter
1348 994 1527 1059 accep‘e-

260 1067 324 1108 rit
346 1066 486 1120 (quod
506 1081 599 1108 non
619 1069 687 1109 est
706 1067 881 1109 infiniti
902 1069 1065 1121 operis,
1081 1068 1119 1110 si
1139 1068 1298 1110 docere
1315 1069 1463 1111 sciant
1482 1071 1527 1112 et

260 1130 443 1184 velint),
481 1132 859 1173 exercitationem
898 1146 1079 1185 quoque
1116 1133 1345 1174 modicam
1383 1133 1527 1175 fuerit

261 1198 547 1247 consecutus,
586 1198 816 1238 oratorem
854 1196 942 1238 sibi
980 1197 1196 1250 aliquem,
1234 1186 1356 1250 quod
1403 1197 1527 1251 apud

260 1261 456 1302 maiores
494 1261 594 1302 fieri
641 1261 830 1312 solebat,
877 1261 1065 1314 deligat,
1111 1275 1247 1314 quem
1294 1264 1527 1315 sequatur,

260 1338 397 1378 quem
426 1325 663 1378 imitetur;
705 1326 891 1367 iudiciis
921 1326 1104 1368 intersit
1135 1340 1275 1379 quam
1311 1326 1527 1380 plurimis

260 1391 305 1431 et
325 1389 385 1431 sit
414 1390 693 1442 certaminis,
714 1390 789 1432 cui
810 1390 1083 1441 destinatur,
1103 1390 1320 1443 frequens
1350 1393 1527 1444 specta-

203 1459 247 1494 20
260 1456 344 1496 tor.
402 1455 521 1496 Tum
551 1468 711 1496 causas
741 1454 815 1496 vel
845 1455 1040 1505 easdem,
1063 1468 1177 1507 quas
1206 1455 1284 1507 agi
1313 1454 1526 1506 audierit,

261 1518 367 1559 stilo
387 1520 432 1560 et
461 1518 558 1572 ipse
588 1520 847 1572 componat,
867 1518 942 1560 vel
971 1519 1112 1560 etiam
1132 1518 1260 1570 alias,
1279 1531 1413 1560 veras
1431 1532 1526 1560 mo-

260 1581 332 1633 do,
351 1584 396 1624 et
423 1583 659 1636 utrimque
678 1584 859 1634 tractet,
879 1584 936 1634 et,
956 1583 1079 1635 quod
1108 1582 1159 1623 in
1189 1582 1526 1635 gladiatoribus

260 1646 360 1688 fieri
397 1647 623 1698 videmus,
657 1646 924 1688 decretoriis
958 1648 1238 1698 exerceatur,
1270 1648 1324 1687 ut
1362 1646 1526 1688 fecisse

260 1703 461 1753 Brutum
490 1711 693 1753 diximus
721 1725 805 1765 pro
835 1711 1019 1754 Milone.
1075 1711 1243 1752 Melius
1270 1710 1357 1752 hoc
1385 1724 1525 1763 quam

259 1776 507 1819 rescribere
535 1776 770 1818 veteribus
799 1775 1102 1826 orationibus,
1121 1777 1174 1816 ut
1203 1775 1315 1817 fecit
1344 1775 1525 1818 Cestius

260 1842 421 1882 contra
458 1841 692 1884 Ciceronis
726 1840 955 1882 actionem
987 1840 1199 1882 habitam
1235 1852 1319 1893 pro
1352 1839 1525 1890 eodem,

260 1918 366 1945 cum
382 1904 575 1946 alteram
594 1906 774 1958 partem
795 1904 906 1945 satis
921 1918 1053 1946 nosse
1072 1917 1165 1946 non
1184 1905 1336 1957 posset
1357 1916 1412 1945 ex
1428 1902 1526 1945 sola

259 1967 535 2011 defensione.

203 2043 245 2078 21
341 2033 491 2075 Citius
511 2035 667 2075 autem
686 2032 879 2074 idoneus
899 2032 987 2074 erit
1015 2031 1211 2083 iuvenis,
1231 2045 1368 2084 quem
1395 2044 1524 2084 prae·

260 2099 415 2151 ceptor
444 2097 644 2150 coegerit
672 2097 723 2138 in
743 2096 1041 2139 declamando
1060 2110 1200 2149 quam
1230 2095 1523 2138 simillimum

259 2174 355 2203 esse
382 2161 573 2203 veritati
603 2163 647 2203 et
684 2175 765 2215 per
802 2162 923 2202 totas
960 2160 1028 2202 ire
1064 2159 1296 2210 materias,
1324 2172 1523 2212 quarum

258 2239 383 2267 nunc
403 2225 629 2267 facillima
644 2227 726 2266 aut
745 2225 946 2266 maxime
962 2223 1242 2266 favorabilia
1257 2223 1520 2278 decerpunt.

260 2289 458 2333 Obstant
477 2290 601 2341 huic,
621 2289 742 2343 quod
763 2289 961 2331 secundo
980 2289 1080 2330 loco
1099 2288 1248 2342 posui,
1267 2288 1363 2330 fere
1381 2287 1522 2330 turba

258 2353 592 2408 discipulorum
611 2356 656 2395 et
676 2353 958 2395 consuetudo
973 2352 1191 2394 classium
1206 2352 1343 2394 certis
1358 2351 1520 2395 diebus
