1696 2638
475 167 598 204 INST.
629 169 838 204 ORATOR.
868 168 951 212 XII,
983 170 1013 211 1,
1043 169 1163 204 42-45.
1402 167 1462 215 97

186 276 263 322 vel
297 277 386 321 hoc
422 277 560 321 modo
598 279 804 321 servabit
841 280 997 320 orator
1033 286 1129 320 non
1165 278 1459 321 innocentem

186 343 338 395 modo,
375 343 454 386 sed
491 344 632 386 etiam
669 343 955 386 laudabilem
992 343 1183 386 civem?
1256 342 1381 397 Quid
1418 343 1459 385 si

186 407 414 462 quaedam
441 408 566 450 iusta
585 409 768 459 natura,
788 408 868 450 sed
895 408 1166 450 condicione
1194 410 1459 462 temporum

186 471 376 513 inutilia
407 472 592 514 civitati
622 473 834 524 sciemus,
859 486 1014 515 nonne
1043 474 1232 515 utemur
1262 474 1362 515 arte
1391 472 1458 514 di-

186 536 333 588 cendi,
369 536 492 579 bona
529 537 730 590 quidem,
768 537 847 579 sed
883 537 1021 579 malis
1059 537 1241 579 artibus
1278 537 1459 580 simili?

186 601 263 642 Ad
291 601 378 643 hoc
406 615 542 644 nemo
570 601 822 654 dubitabit,
841 602 970 656 quin,
989 602 1029 644 si
1046 604 1263 653 nocentes
1282 602 1458 644 mutari
1470 608 1514 642 42

185 666 236 707 in
280 666 452 708 bonam
489 668 691 724 mentem
728 667 886 721 aliquo
923 667 1061 710 modo
1107 668 1299 722 possint,
1337 667 1458 710 sicut

185 745 316 785 posse
344 731 582 774 interdum
611 732 894 784 conceditur,
914 732 1067 775 salvos
1087 746 1183 775 esse
1202 746 1278 775 eos
1306 733 1458 786 magis

185 809 210 838 e
228 809 277 838 re
305 795 494 849 publica
522 796 583 838 sit
613 810 754 850 quam
787 797 959 851 puniri.
1017 797 1067 840 Si
1099 797 1276 851 liqueat
1308 797 1457 851 igitur

185 860 372 911 oratori,
392 860 610 902 futurum
637 861 814 903 bonum
833 861 1005 913 virum,
1025 862 1101 904 cui
1120 875 1232 904 vera
1258 861 1457 904 obicien-

184 927 278 976 tur,
305 938 400 966 non
436 924 486 966 id
523 927 644 978 aget,
680 928 735 967 ut
773 925 932 968 salvus
970 926 1068 969 sit?
1122 926 1196 968 Da
1227 939 1366 977 nunc,
1402 928 1513 968 ut43

185 989 379 1031 crimine
409 990 660 1031 manifesto
690 993 930 1044 prematur
960 991 1057 1032 dux
1087 991 1251 1042 bonus,
1282 993 1328 1033 et
1358 991 1458 1034 sine

184 1067 276 1107 quo
299 1054 484 1096 vincere
514 1054 695 1096 hostem
727 1055 894 1098 civitas
925 1069 1020 1097 non
1050 1056 1212 1110 possit,
1231 1069 1384 1098 nonne
1415 1056 1457 1098 ei

185 1119 444 1161 communis
482 1119 664 1161 utilitas
698 1122 930 1162 oratorem
969 1120 1254 1163 advocabit?
1323 1120 1458 1164 Certe

185 1183 430 1226 Fabricius
451 1183 721 1227 Cornelium
741 1186 980 1238 Rufinum,
999 1189 1046 1229 et
1074 1186 1250 1240 alioqui
1278 1186 1457 1228 malum

184 1248 336 1290 civem
358 1250 404 1290 et
433 1248 523 1290 sibi
551 1249 811 1302 inimicum,
831 1253 1003 1303 tamen,
1022 1251 1134 1305 quia
1161 1251 1327 1293 utilem
1348 1251 1458 1293 scie-

183 1315 266 1357 bat
307 1315 486 1367 ducem,
524 1316 796 1359 imminente
843 1316 979 1368 bello,
1016 1316 1172 1371 palam
1220 1316 1457 1359 consulem

185 1380 412 1434 suffragio
442 1395 526 1423 suo
557 1381 669 1423 fecit
699 1384 840 1435 atque
870 1381 919 1423 id
955 1381 1239 1423 mirantibus
1268 1381 1458 1434 quibus-

184 1444 294 1486 dam
321 1445 573 1499 respondit,
593 1459 621 1488 a
649 1446 750 1488 cive
779 1460 826 1488 se
855 1446 1046 1500 spoliari
1074 1446 1213 1488 malle
1236 1459 1378 1499 quam
1397 1445 1457 1487 ab

183 1509 316 1552 hoste
346 1511 516 1553 venire.
574 1511 661 1562 Ita,
691 1511 767 1553 hic
801 1511 841 1553 si
871 1511 1038 1553 fuisset
1071 1513 1240 1562 orator,
1270 1524 1364 1552 non
1383 1510 1457 1553 de·-

184 1574 408 1617 fendisset
433 1575 630 1617 eundem
659 1575 885 1633 Rufinum
904 1575 980 1617 vel
1007 1575 1247 1618 manifesti
1275 1574 1457 1629 pecula-

183 1639 261 1680 tus
289 1640 458 1681 reum?
513 1638 667 1680 Multa
695 1638 788 1681 dici
824 1641 1020 1693 possunt
1058 1639 1244 1691 similia,
1274 1639 1353 1682 sed
1381 1639 1514 1682 vel44

183 1717 332 1744 unum
365 1717 422 1745 ex
453 1703 512 1745 iis
545 1703 785 1757 quodlibet
819 1704 999 1747 sufficit.
1068 1704 1188 1746 Non*
1208 1704 1333 1746 enim
1369 1704 1457 1746 hoc

184 1771 382 1825 agimus,
401 1774 456 1813 ut
484 1771 613 1814 istud
641 1771 726 1823 illi,
746 1786 884 1826 quem
905 1773 1179 1824 formamus,
1198 1773 1302 1814 viro
1323 1785 1457 1826 saepe

184 1836 246 1878 sit
275 1836 556 1888 faciendum,
585 1836 664 1879 sed
695 1839 764 1889 ut,
793 1837 833 1879 si
865 1837 974 1879 talis
1003 1837 1204 1891 coegerit
1232 1837 1367 1888 ratio,
1395 1837 1457 1878 sit

183 1901 341 1942 tamen
370 1914 483 1943 vera
512 1901 677 1953 finitio,
708 1904 938 1944 oratorem
968 1915 1064 1944 esse
1094 1902 1251 1943 virum
1280 1902 1457 1943 bonum

184 1964 367 2008 dicendi
414 1967 629 2020 peritum.
706 1966 978 2020 Praecipere
1015 1980 1127 2009 vero
1174 1980 1227 2008 ac
1268 1966 1456 2017 discere,
1469 1975 1511 2008 45

184 2030 415 2083 quomodo
452 2031 594 2072 etiam
631 2031 904 2084 probatione
938 2031 1146 2074 difficilia
1183 2033 1456 2082 tractentur,

184 2095 494 2137 necessarium
514 2098 593 2138 est.
651 2095 774 2137 Nam
803 2095 1070 2149 frequenter
1089 2096 1231 2138 etiam
1254 2095 1456 2150 optimae

185 2172 349 2201 causae
369 2159 542 2202 similes
562 2162 672 2202 sunt
690 2160 843 2212 malis,
862 2162 908 2202 et
927 2160 1148 2203 innocens
1168 2174 1274 2202 reus
1293 2160 1457 2202 multis

186 2223 286 2266 veri
305 2224 538 2266 similibus
566 2224 819 2278 premitur;
848 2238 940 2278 quo
960 2225 1027 2277 fit,
1045 2227 1101 2267 ut
1129 2225 1288 2267 eadem
1316 2224 1457 2267 actio-

186 2287 260 2329 m's
287 2289 466 2331 ratione
494 2289 811 2331 defendendus
840 2289 914 2340 sit,
934 2303 1040 2343 qua,
1059 2289 1099 2332 si
1127 2303 1296 2332 nocens
1325 2291 1454 2332 esset.

186 2351 288 2394 Iam
324 2352 686 2395 innumerabilia
717 2355 828 2395 sunt
864 2353 999 2396 bonis
1037 2354 1190 2396 causis
1226 2353 1456 2409 malisque

363 2412 384 2446 ’ἴ
