1696 2638
243 182 299 224 82
552 179 673 214 INS'L
705 179 912 214 ORATOR.
944 179 987 222 X,
1020 181 1050 222 7,
1081 180 1199 215 20-24.

244 291 378 346 Quod
396 293 553 333 tamen
572 306 666 333 non
693 291 849 346 ipsum
873 293 972 334 tam
1000 292 1238 347 probabile
1266 294 1395 347 puto,
1416 291 1510 346 (ne-

243 370 332 409 que
351 356 475 398 enim
505 356 646 398 habet
675 358 759 398 aut
787 370 927 398 usum
956 370 1028 398 res
1058 359 1141 398 aut
1170 357 1507 411 necessitatem)

243 434 383 474 quam
417 420 717 463 exhortandis
746 421 797 462 in
826 421 946 463 hanc
977 435 1119 475 spem,
1137 421 1220 475 qui
1250 421 1352 464 foro
1381 435 1509 476 prae-

187 497 231 530 20
243 487 481 540 parantur,
500 485 616 527 utile
645 485 919 539 exemplum.
977 486 1138 539 Neque
1157 499 1268 528 vero
1297 488 1429 528 tanta
1449 486 1510 528 sit

242 564 467 604 umquam
487 547 658 592 fiducia
687 550 945 602 facilitatis,
963 552 1018 592 ut
1048 564 1141 592 non
1175 550 1315 592 breve
1345 550 1510 593 saltem

242 617 440 669 tempus,
473 615 597 668 quod
629 629 862 668 nusquam
895 615 992 657 fere
1025 615 1184 667 deerit,
1215 614 1275 657 ad
1307 629 1361 657 ea
1392 629 1510 669 quae

242 679 414 721 dicturi
456 693 618 721 sumus
656 679 941 733 dispicienda
978 693 1242 722 sumamus:
1290 679 1414 733 quod
1458 680 1510 722 in

241 743 428 786 iudiciis
447 758 500 786 ac
531 744 633 786 foro
664 744 803 785 datur
834 757 1035 798 semper3
1064 757 1213 797 neque
1243 744 1367 786 enim
1386 744 1509 798 quis-

242 822 383 862 quam
414 810 495 860 est,
515 808 597 862 qui
627 822 815 851 causam
845 823 986 862 quam
1016 822 1110 850 non
1140 808 1355 851 didicerit
1385 811 1507 862 agat.

184 876 227 911 21
242 873 585 915 Declamatores
623 873 848 927 quosdam
885 887 1102 928 perversa
1135 873 1264 915 ducit
1301 874 1509 926 ambitio,

241 939 309 990 ut,
341 937 548 992 exposita
577 938 905 989 controversia,
932 938 1147 992 protinus
1175 937 1325 980 dicere
1347 938 1509 991 velint,

241 1003 357 1056 quin
371 1003 526 1054 etiam,
541 1002 664 1056 quod
684 1004 753 1045 est
771 1003 822 1044 in
841 1002 1005 1057 primis
1025 1002 1251 1044 frivolum
1270 1016 1323 1045 ac
1338 1003 1508 1045 scaeni-

241 1081 363 1119 cum,
399 1068 597 1110 verbum
633 1069 808 1122 petant,
846 1081 938 1120 quo
974 1067 1214 1121 incipiant.
1286 1067 1374 1110 Sed
1410 1069 1508 1110 tam

241 1131 597 1174 contumeliosos
627 1132 677 1173 in
707 1145 754 1174 se
784 1131 904 1173 ridet
934 1131 1135 1174 invicem
1169 1131 1443 1185 eloquentia,
1462 1134 1508 1175 et

240 1197 321 1250 qui
355 1196 511 1239 stultis
544 1196 694 1238 videri
728 1196 899 1238 eruditi
932 1196 1112 1248 volunt,
1145 1196 1279 1238 stulti
1312 1196 1508 1239 eruditis

184 1268 227 1302 22
240 1261 519 1303 iudicantur.
580 1261 627 1303 Si
657 1274 749 1314 qua
767 1262 924 1302 tamen
954 1261 1146 1302 fortuna
1174 1263 1272 1302 tam
1301 1261 1506 1303 subitam

240 1325 402 1367 fecerit
439 1325 607 1379 agendi
645 1325 978 1377 necessitatem,
1015 1325 1258 1368 mobiliore
1304 1325 1506 1379 quodam

240 1403 355 1443 opus
375 1390 463 1432 erit
491 1390 692 1444 ingenio,
712 1392 757 1432 et
777 1390 849 1432 vis
869 1390 1019 1432 omnis
1046 1390 1327 1433 intendenda
1354 1391 1506 1442 rebus,

239 1456 285 1496 et
303 1454 354 1496 in
373 1454 634 1509 praesentia
653 1454 985 1496 remittendum
1005 1455 1184 1508 aliquid
1204 1468 1260 1497 ex
1279 1469 1392 1497 cura
1405 1469 1505 1497 ver—

239 1519 419 1571 borum,
439 1520 478 1562 si
498 1520 714 1573 consequi
733 1521 986 1573 utrumque
1014 1533 1108 1561 non
1127 1519 1327 1562 dabitur.
1384 1519 1506 1561 Tum

239 1586 285 1626 et
303 1584 480 1626 tardior
505 1584 826 1638 pronuntiatio
855 1597 1009 1626 moras
1038 1583 1178 1626 habet
1209 1585 1254 1626 et
1284 1597 1506 1638 suspensa

239 1663 291 1691 ac
311 1648 441 1691 velut
460 1648 680 1690 dubitans
700 1649 863 1700 oratio,
881 1650 936 1690 ut
955 1650 1111 1691 tamen
1131 1648 1396 1700 deliberare,
1410 1662 1505 1690 11011

182 1710 226 1744 23
238 1713 467 1756 haesitare
486 1713 741 1756 videamur.
799 1713 915 1765 Hoc,
935 1712 1048 1754 dum
1068 1712 1332 1766 egredimur
1350 1726 1374 1755 e
1402 1727 1504 1767 por-

238 1780 306 1830 tu,
325 1779 364 1821 si
393 1792 490 1830 nos,
509 1778 718 1820 nondum
738 1778 910 1832 aptatis
930 1778 1043 1819 satis
1063 1777 1377 1829 armamentis,
1397 1779 1504 1831 aget

238 1845 433 1896 ventus3
486 1842 650 1885 deinde
693 1842 922 1896 paulatim
955 1842 1095 1884 simul
1133 1844 1293 1885 euntes
1325 1842 1504 1896 aptabi-

238 1921 343 1950 mus
372 1908 477 1950 vela
496 1909 542 1950 et
561 1907 858 1961 disponemus
872 1906 1090 1949 rudentes
1105 1908 1151 1949 et
1169 1906 1354 1961 impleri
1374 1906 1503 1949 sinus

239 1972 513 2026 optabimus.
571 1971 626 2014 Id
653 1971 823 2025 potius,
849 1985 989 2024 quam
1018 1984 1066 2013 se
1093 1971 1223 2013 inani
1251 1970 1503 2013 verborum

238 2036 434 2078 torrenti
476 2036 586 2078 dare
625 2036 759 2089 quasi
796 2035 1165 2089 tempestatibus,
1202 2048 1294 2089 quo
1330 2034 1503 2088 volent,

239 2100 557 2143 auferendum.

319 2165 406 2208 Sed
425 2179 519 2207 11011
537 2165 716 2207 minore
745 2164 900 2207 studio
929 2164 1194 2206 continetur
1220 2163 1333 2206 haec
1356 2162 1502 2206 facul-

237 2232 309 2272 tas
329 2244 469 2283 quam
499 2231 716 2283 paratur3
745 2243 820 2271 ars
839 2229 964 2271 enim
990 2228 1129 2272 semel
1159 2230 1376 2283 percepta
1407 2242 1502 2271 non

237 2294 427 2345 labitur,
465 2294 600 2335 stilus
646 2307 829 2347 quoque
875 2293 1216 2335 intermissione
1252 2291 1501 2347 paululum

238 2358 488 2400 admodum
517 2358 572 2400 de
592 2358 826 2400 celeritate
855 2357 1088 2412 deperdit3
1117 2359 1386 2412 promptum
1412 2356 1500 2400 hoo
