1696 2638
457 174 578 211 ms'r.
610 155 818 210 ORATOR.
849 175 892 218 X,
923 176 954 218 6,
986 177 1028 218 7;
1059 177 1090 219 τ,
1118 177 1150 219 1,
1175 178 1207 212 2.
1389 175 1456 224 77'

172 289 284 339 tam,
303 287 371 330 ita
389 288 596 331 refutare
615 289 836 343 temporis
855 303 1051 331 munera
1068 289 1206 343 longe
1226 290 1445 349 stultissi-

171 366 302 394 mum
322 354 401 395 est.
461 353 614 407 Quare
635 354 858 407 cogitatio
877 353 928 395 in
946 353 1034 396 hoc
1053 357 1370 408 praeparetur,
1391 358 1444 398 ut

170 431 255 459 nos
283 417 475 459 fortuna
494 417 701 475 decipere
730 432 824 460 non
852 419 1012 473 possit,
1031 419 1255 462 adiuvare
1282 420 1440 474 possit.

171 481 227 523 Id
246 484 404 524 autem
423 482 502 524 fiet
521 482 769 525 memoriae
789 483 984 535 viribus,
999 485 1054 525 ut
1073 483 1168 535 illa,
1184 498 1302 538 quae
1322 499 1442 527 com-

169 546 294 601 plexi
307 591 310 592 ,
323 547 480 589 animo
509 561 683 599 sumus,
703 547 853 590 fluant
883 562 1067 600 secura3
1095 563 1190 591 non
1219 549 1441 593 sollicitos

169 613 216 654 et
235 612 531 666 respicientes
551 615 597 654 et
625 627 720 654 una
744 627 823 667 spe
843 613 1088 667 suspensos
1107 615 1440 658 recordationis

169 691 263 719 non
282 677 438 719 sinant
457 677 712 731 providere.
770 678 965 731 Alioqui
984 678 1061 721 vel
1081 680 1440 733 extemporalem

168 742 478 784 temeritatem
497 742 622 784 malo
651 756 793 795 quam
822 743 943 785 male
963 743 1286 786 cohaerentem
1318 746 1440 799 cogi-

167 806 404 849 tationem.
462 807 601 849 Peius
630 807 755 849 enim
784 808 1026 860 quaeritur
1052 811 1297 861 retrorsus,
1317 810 1440 863 quia,
1453 814 1474 847 7

168 871 281 913 dum
311 871 394 913 illa
424 871 751 923 desideramus,
782 872 841 914 ab
871 872 978 915 aliis
1007 874 1280 926 avertimur,
1305 877 1350 917 et
1383 889 1439 917 ex

167 935 392 977 memoria
424 936 580 989 potius
613 950 686 978 res
719 937 922 993 petimus
960 952 1102 992 quam
1136 952 1192 981 ex
1229 939 1436 983 materia.

168 999 313 1042 Plura
332 1002 442 1042 sunt
471 1002 642 1052 autem,
663 1001 702 1043 si
730 1004 985 1056 utrumque
1014 1003 1331 1056 quaerendum
1356 1006 1439 1057 est,

167 1078 285 1118 quae
303 1064 506 1107 inveniri
526 1067 721 1119 possunt
741 1079 883 1120 quam
902 1081 1020 1121 quae
1039 1067 1232 1110 inventa
1251 1069 1373 1112 sunt.

707 1262 901 1273 —

650 1399 834 1439 CAPUT
864 1400 962 1440 VII.

166 1546 559 1586 QUEMADMODUM
587 1547 971 1580 EXTEMPORALIS
1001 1549 1259 1581 FACILITAS
1288 1549 1438 1581 PARE-

512 1611 612 1643 TUR
640 1611 700 1642 ET
730 1612 1091 1645 CONTINEATUR.

245 1718 354 1761 VII.
385 1718 622 1760 Maximus
650 1732 762 1761 vero
786 1719 1050 1762 studiorum
1079 1720 1265 1763 fructus
1293 1723 1362 1764 est
1390 1723 1437 1764 et

164 1782 296 1826 velut
342 1784 602 1837 praemium
649 1784 883 1837 quoddam
929 1785 1270 1839 amplissimum
1306 1786 1436 1840 longi

164 1846 337 1890 laboris
367 1851 697 1902 extempore
729 1849 962 1891 dicendi
992 1850 1265 1902 facultas,
1294 1865 1437 1905 quam

165 1912 247 1965 qui
279 1926 372 1954 non
405 1913 493 1954 erit
527 1915 814 1965 consecutus,
842 1928 947 1956 mea
977 1914 1166 1968 quidem
1194 1916 1436 1968 sententia,

165 1976 385 2019 civilibus
424 1977 584 2019 officiis
613 1978 904 2020 renuntiabit
943 1980 989 2020 et
1029 1979 1176 2021 solam
1204 1980 1435 2022 scribendi

165 2040 438 2083 facultatem
468 2041 625 2095 potius
654 2042 713 2083 ad
741 2042 835 2084 alia
865 2056 1003 2097 opera
1031 2046 1282 2087 convertet.
1338 2045 1436 2087 ‘Vix

166 2105 290 2147 enim
307 2105 456 2148 bonae
475 2106 583 2148 fidei
602 2106 706 2148 viro
726 2107 944 2149 convenit
963 2108 1196 2150 auxilium
1215 2109 1266 2151 in
1284 2110 1436 2164 publi-

165 2183 272 2212 cum
317 2170 540 2224 polliceri,
577 2171 702 2224 quod
747 2172 1135 2225 praesentissimis
1173 2174 1436 2228 quibusque

164 2235 385 2288 periculis
418 2235 560 2288 desit;
602 2236 778 2278 intrare
811 2239 1000 2290 portum
1032 2238 1091 2280 ad
1125 2252 1263 2292 quem
1300 2240 1435 2282 navis

165 2299 379 2342 accedere
409 2300 595 2342 nonnisi
626 2301 810 2343 lenibus
830 2302 983 2344 ventis
1013 2305 1148 2345 vecta
1177 2304 1348 2357 possit3
1378 2305 1468 2348 si-53

165 2363 354 2417 quidem
383 2364 746 2408 innumerabiles
777 2366 994 2409 accidunt
1033 2368 1213 2411 subitae
1245 2369 1434 2412 necessi-
