1696 2638
474 161 595 197 ms'r.
628 161 836 197 ORATOR„
868 161 951 203 ΧΠ,
983 162 1014 203 6,
1046 161 1120 196 1-3.
1343 160 1427 202 111

98 277 100 279 ’
157 278 380 331 quattuor
399 277 556 318 autem
578 275 766 327 iudicia,
784 277 839 317 ut
867 275 1011 317 moris
1039 276 1121 326 est,
1140 274 1429 327 cogerentur,

157 344 296 395 atque
325 341 482 383 omnia
509 340 792 383 clamoribus
831 340 1096 390 fremerent,
1129 340 1175 381 et
1214 337 1430 380 auditum

158 419 265 448 eum
302 407 349 447 et
385 405 677 448 intellectum
714 407 773 457 et,
810 404 934 458 quod
980 403 1229 457 agentibus
1267 402 1430 444 ceteris

158 470 677 513 contumeliosissimum
723 470 832 521 fuit,
868 463 1114 511 laudatum
1154 481 1336 522 quoque
1373 481 1431 509 ex

158 537 380 589 quattuor
409 534 727 577 tribunalibus
759 534 964 577 memini.
1022 533 1111 577 Sed
1147 533 1235 575 hoc
1265 534 1430 575 votum

158 602 227 642 est
246 602 292 642 et
314 613 421 642 rara
440 599 667 652 felicitas;
694 613 813 653 quae
842 599 882 641 si
910 612 1005 641 non
1023 598 1159 650 adsit,
1179 611 1288 641 sane
1308 597 1430 640 suffi-

158 665 252 707 ciat
273 665 333 707 ab
362 665 435 716 iis,
454 665 639 719 quibus
655 664 761 718 quis
790 664 920 716 dicit,
949 663 1116 707 audiri.
1173 662 1301 706 Talis
1333 675 1431 705 esse

158 729 294 772 debet
312 731 483 782 orator,
501 729 615 772 haec
634 729 762 772 scire.

644 1075 828 1115 CAPUT
866 1075 942 1114 VI.

197 1201 335 1241 QUOD
364 1201 438 1233 srr
466 1201 744 1233 INCIPIENDI
773 1196 961 1232 CAUSAs
989 1200 1155 1232 AGERE
1184 1199 1391 1232 TEMPUS.

241 1308 324 1351 VI.
367 1307 596 1362 Agendi
644 1309 798 1350 autem
852 1307 1093 1349 initium
1141 1307 1240 1349 sine
1288 1306 1432 1349 dubio

161 1373 415 1416 secundum
434 1373 559 1415 vires
578 1374 803 1426 cuiusque
826 1372 1104 1415 sumendum
1132 1374 1213 1414 est.
1270 1372 1432 1425 Neque

160 1452 246 1492 ego
274 1451 422 1480 annos
450 1438 683 1490 definiam,
711 1451 820 1480 cum
848 1438 1207 1480 Demosthenem
1233 1451 1432 1492 puerum

161 1502 412 1544 admodum
441 1503 646 1544 actiones
675 1502 931 1556 pupillares
967 1502 1186 1545 habuisse
1214 1502 1433 1544 manifes-

160 1570 265 1609 tum
311 1567 386 1619 sit,
423 1567 612 1619 Calvus,
650 1567 833 1619 Caesar,
877 1567 1028 1609 Pollio
1073 1567 1279 1609 multum
1325 1569 1434 1609 ante

160 1632 473 1686 quaestoriam
511 1646 670 1674 omnes
706 1634 907 1675 aetatem
943 1633 1224 1686 gravisSima
1259 1632 1435 1674 iudicia

162 1697 462 1751 susceperint,
482 1699 795 1750 praetextatos
823 1697 970 1751 egisse
998 1697 1224 1750 quosdam
1252 1697 1314 1739 sit
1341 1699 1434 1739 tra-

161 1761 329 1813 ditum,
362 1761 532 1804 Caesar
562 1762 811 1815 Augustus
842 1762 1087 1804 duodecim
1119 1763 1258 1804 natus
1287 1775 1434 1804 annos

161 1826 318 1868 aviam
337 1840 422 1880 pro
440 1828 604 1869 rostris
632 1827 907 1869 laudaverit.
965 1827 1133 1869 Modus
1161 1827 1280 1869 mihi
1308 1827 1434 1869 vide-
1447 1832 1468 1866 2

162 1893 242 1932 tur
269 1891 462 1944 quidam
490 1892 731 1943 tenendus,
758 1893 814 1933 ut
841 1905 990 1945 neque
1027 1884 1332 1946 praepropere
1360 1892 1435 1934 de-

163 1956 425 2009 stringatur
443 1956 700 1998 immatura
729 1956 860 1998 frons
880 1959 940 2008 et,
959 1956 1189 2010 quidquid
1218 1959 1287 1999 est
1314 1957 1435 1999 illud

163 2020 317 2062 adhuc
355 2021 589 2072 acerbum,
627 2021 895 2075 proferatur
943 2020 1071 2074 (nam
1107 2021 1216 2064 inde
1253 2023 1299 2064 et
1331 2035 1435 2064 con-

162 2086 369 2138 temptus
389 2086 539 2139 operis
566 2085 840 2136 innascitur,
860 2087 906 2127 et
933 2086 1241 2128 fundamenta
1259 2086 1435 2128 iaciun-

162 2151 243 2190 tur
261 2149 594 2203 impudentiae,
613 2152 673 2201 et,
693 2149 818 2203 quod
847 2152 917 2192 est
944 2150 1119 2204 ubique
1147 2151 1435 2205 perniciosis-

163 2213 350 2265 simum,
362 2215 604 2268 praevenit
623 2214 748 2256 vires
760 2214 949 2268 fiducia)
965 2231 976 2268 ;
1004 2229 1087 2258 nec
1102 2230 1265 2258 rursus
1279 2216 1436 2258 differ-
1448 2225 1469 2258 3

164 2278 337 2320 endum
357 2281 426 2320 est
444 2279 715 2321 tirocinium
734 2279 786 2321 in
805 2282 1113 2332 senectutem3
1138 2295 1248 2322 nam
1267 2281 1436 2323 cotidie

164 2344 317 2385 metus
345 2343 522 2394 crescit,
549 2344 792 2398 maiusque
820 2344 875 2386 fit
903 2358 1094 2400 semper,
1122 2346 1246 2400 quod
1273 2346 1436 2388 ausuri
