1696 2638
251 199 307 245 72
574 197 695 232 INST.
727 198 934 233 ORATOR.
966 197 1010 240 X,
1040 199 1071 240 5,
1102 199 1198 235 9-13.

249 310 446 354 lectione
494 324 654 353 secura
701 311 1078 362 transcurrimus,
1133 311 1212 354 sed
1258 313 1514 356 tractamus

250 376 437 429 singula
467 377 512 417 et
542 375 798 417 necessario
828 376 1176 430 introspicimus
1209 377 1268 427 et,
1286 379 1515 430 quantum

249 440 442 483 virtutis
470 440 686 491 habeant,
706 440 780 482 vel
808 440 894 482 hoc
916 440 1017 495 ipso
1040 440 1373 494 cognoscimus,
1392 441 1515 495 quod

249 502 425 545 imitari
445 517 539 545 non
559 516 815 556 possumus,

216 573 238 608 9
330 569 425 610 Nec
445 568 597 609 aliena
615 569 802 609 tantum
817 568 1083 619 transferre,
1098 568 1176 610 sed
1196 568 1338 610 etiam
1356 571 1515 611 nostra

249 632 463 687 pluribus
482 632 632 674 modis
652 634 853 674 tractare
872 632 1101 686 proderit:
1131 634 1184 674 ut
1205 646 1260 675 ex
1279 633 1512 676 industria

250 710 489 738 sumamus
527 696 780 738 sententias
818 696 1042 749 quasdam
1080 710 1246 750 easque
1279 711 1514 740 versemus

249 774 390 814 quam
438 760 824 812 numerosissime,
861 760 991 802 velut
1039 760 1198 802 eadem
1246 775 1349 803 cera
1397 762 1514 805 aliae

195 832 238 867 10
250 825 458 878 aliaeque
491 826 669 867 formae
699 825 806 867 duci
845 825 1004 868 solent.
1061 825 1326 867 Plurimum
1357 829 1514 869 autem

248 891 405 944 parari
421 890 661 932 facultatis
677 890 891 932 existimo
907 903 962 932 ex
975 890 1318 944 simplicissima
1332 904 1514 944 quaque

248 954 456 997 materia.
512 955 633 996 Nam
652 954 735 996 illa
754 954 1006 1008 multiplici
1026 967 1342 1008 personarum,
1357 968 1514 998 causa-

249 1032 368 1070 rum,
387 1021 663 1073 temporum,
681 1019 902 1070 locorum,
922 1019 1168 1070 dictorum,
1187 1019 1419 1061 factorum
1447 1020 1514 1062 di-

249 1082 470 1124 versitate
500 1082 638 1124 facile
666 1081 902 1124 delitescet
925 1082 1195 1133 infirmitas,
1214 1084 1284 1124 tot
1315 1096 1362 1124 se
1380 1083 1513 1125 undi-

249 1160 338 1200 que
393 1147 544 1198 rebus,
596 1161 652 1189 ex
707 1147 877 1200 quibus
928 1146 1133 1200 aliquam
1181 1147 1513 1201 apprehendas,

195 1217 235 1253 11
249 1212 562 1254 offerentibus.
620 1212 744 1253 Illud
764 1211 956 1253 virtutis
975 1211 1202 1253 iudicium
1222 1213 1303 1263 est,
1318 1212 1513 1255 fundere

248 1289 365 1329 quae
385 1278 555 1317 natura
581 1278 819 1323 contracta
847 1277 970 1326 sunt,
991 1289 1159 1328 augere
1187 1289 1347 1329 parva,
1366 1257 1512 1317 varie-

246 1342 393 1383 tatem
434 1341 679 1392 similibus,
716 1341 1006 1394 voluptatem
1046 1340 1266 1394 expositis
1304 1340 1427 1387 dare.
1465 1342 1510 1380 et

247 1405 362 1453 bene
382 1405 531 1447 dicere
550 1405 700 1446 multa
720 1405 775 1447 de
795 1405 966 1458 paucis

329 1471 385 1513 In
403 1470 490 1512 hoc
511 1470 683 1523 optime
712 1470 886 1511 facient
914 1469 1199 1512 infinitae
1227 1470 1512 1523 quaestio-

247 1548 358 1586 nes,
377 1548 492 1588 quas
521 1534 679 1576 vocari
708 1534 893 1576 thesis
922 1534 1140 1586 diximus,
1160 1534 1330 1587 quibus
1350 1534 1512 1578 Cicero

194 1602 235 1638 12
247 1598 342 1639 iam
361 1598 575 1652 princeps
594 1598 645 1639 in
664 1611 713 1639 re
743 1597 929 1651 publica
948 1598 1148 1639 exerceri
1177 1597 1364 1640 solebat.
1421 1597 1512 1640 His

247 1662 441 1704 confinis
461 1664 529 1704 est
558 1662 886 1704 destructio
906 1664 959 1704 et
989 1662 1368 1704 confirmatio
1396 1675 1511 1705 sen-

247 1727 579 1769 tentiarum.
637 1727 758 1768 Nam
792 1740 898 1768 cum
928 1727 989 1768 sit
1020 1727 1248 1768 sententia
1275 1726 1511 1769 decretum

247 1791 477 1844 quoddam
507 1793 645 1844 atque
674 1793 986 1844 praeceptum,
1006 1790 1128 1844 quod
1157 1791 1212 1833 de
1231 1805 1294 1843 re,
1312 1791 1435 1833 idem
1455 1791 1511 1834 de

247 1856 420 1898 iudicio
457 1856 523 1897 rei
553 1856 712 1908 quaeri
749 1858 911 1909 potest.
969 1856 1089 1897 Tum
1124 1855 1239 1898 loci
1276 1869 1511 1898 commu-

246 1934 357 1971 nes,
386 1934 500 1975 quos
530 1920 670 1962 etiam
709 1921 904 1973 scriptos
938 1920 997 1962 ab
1031 1920 1292 1962 oratoribus
1325 1914 1508 1962 scimus.

247 1985 369 2027 Nam
399 1985 479 2038 qui
511 1984 623 2026 haec
652 1986 778 2026 recta
806 1986 991 2026 tantum
1022 1986 1067 2026 et
1096 1984 1147 2026 in
1178 1984 1332 2026 nullos
1363 1984 1510 2026 flexus

246 2049 506 2091 recedentia
527 2049 706 2102 copiose
735 2049 1020 2099 tractaverit,
1039 2049 1200 2101 utique
1219 2049 1268 2090 in
1287 2048 1382 2090 illis
1410 2048 1510 2102 plu-

246 2127 319 2156 res
342 2127 561 2156 excursus
581 2113 911 2167 recipientibus
939 2113 1089 2165 magis
1117 2112 1375 2154 abundabit
1403 2113 1510 2155 crit·

194 2183 335 2232 mque
380 2178 430 2219 in
477 2178 627 2219 omnis
674 2191 835 2219 causas
881 2179 1083 2231 paratus.
1169 2176 1339 2219 Omnes
1385 2176 1510 2219 enim

247 2242 539 2296 generalibus
573 2241 922 2294 quaestionibus
960 2243 1184 2283 constant.
1242 2240 1364 2282 Nam
1396 2239 1510 2293 quid

247 2306 438 2349 interest
457 2307 468 2324 ‘
483 2306 724 2349 Cornelius
743 2305 962 2346 tribunus
984 2304 1144 2358 plebiS,
1164 2303 1287 2357 quod
1305 2303 1509 2346 codicem

246 2361 424 2426 legerit,
438 2383 543 2412 reus
559 2370 647 2423 sit,'
661 2383 722 2411 an
737 2382 1032 2425 quaeramus:
1052 2369 1063 2387 ‘
1074 2368 1334 2411 violeturne
1347 2367 1506 2411 maies-
