1696 2638
260 167 316 209 90
550 165 671 201 INST.
705 166 912 202 ORATOR.
945 167 1028 210 XII,
1062 170 1091 211 1,
1125 170 1242 206 10-15.

205 289 247 323 10
259 278 410 320 11161118
430 278 554 321 idem
574 279 712 321 homo
733 282 778 322 et
797 281 1031 334 perfectus
1051 284 1219 327 orator.
1276 284 1383 326 Non
1402 285 1525 330 enim

258 343 518 396 perfectum
548 346 617 386 est
647 344 918 397 quidquam,
948 360 1039 398 quo
1073 347 1239 389 melius
1277 350 1346 390 est
1383 349 1524 393 aliud.

260 407 360 459 Sed,
379 421 436 450 ne
456 421 582 450 more
613 408 954 451 Socraticorum
973 411 1203 453 nobismet
1231 412 1321 465 ipsi
1341 427 1525 467 respon-

259 485 363 513 sum
401 472 588 515 finxisse
627 473 885 525 videamur,
915 475 975 516 sit
1015 475 1184 528 aliquis
1214 477 1327 519 adeo
1365 481 1525 520 contra

261 537 504 579 veritatem
523 537 799 589 obstinatus,
819 540 873 580 ut
902 539 1070 581 audeat
1090 540 1254 592 dicere,
1274 542 1431 584 eodem
1458 544 1525 584 in-

258 602 407 654 genio,
427 602 595 659 studio,
624 602 835 644 doctrina
863 604 1127 657 praeditum
1156 605 1304 647 nihilo
1333 607 1524 649 deterio—

257 679 355 707 rem
401 666 618 708 futurum
671 669 901 709 oratorem
955 668 1134 711 malum
1182 670 1338 712 Virum
1385 685 1524 724 quam

258 730 454 773 bonum:
495 731 826 773 convincamus
866 731 1007 774 huius
1037 747 1219 786 quoque
1259 735 1522 779 amentiam.

203 798 242 832 11
258 795 380 836 Ν6111
416 795 502 837 hoc
531 797 652 837 certe
689 809 824 838 nemo
852 796 1103 849 dubitabit,
1134 811 1317 840 omnem
1335 830 1339 834 .
1356 801 1523 842 oratio-

256 873 363 901 nem
392 859 441 901 id
474 873 622 913 agere,
651 862 705 901 ut
735 860 893 912 iudici,
919 875 1036 914 quae
1066 863 1304 916 proposita
1333 863 1523 916 fuerint,

257 938 368 966 vera
404 926 450 966 et
486 924 681 966 honesta
717 925 977 968 videantur.
1045 927 1219 969 Utrum
1252 927 1400 980 igitur
1436 928 1523 971 hoc

257 988 444 1030 facilius
482 989 631 1031 bonus
661 989 737 1030 vir
775 990 1071 1043 persuadebit
1105 1005 1165 1032 an
1193 992 1381 1035 malus?
1436 993 1522 1035 Bo-

256 1067 344 1095 nus
372 1053 560 1107 quidem
585 1055 630 1095 et
650 1053 771 1096 dicet
797 1055 979 1108 saepius
1006 1069 1116 1097 vera
1144 1058 1283 1109 atque
1316 1057 1520 1101 honesta.

202 1121 243 1155 12
258 1117 345 1160 Sed
375 1118 516 1160 etiam
535 1118 574 1160 si
605 1118 790 1171 quando
821 1119 978 1172 aliquo
1009 1119 1176 1162 ductus
1211 1121 1358 1163 officio
1381 1121 1522 1175 (quod

257 1182 473 1234 accidere,
488 1185 542 1224 ut
561 1197 670 1224 mox
690 1183 969 1235 docebimus,
989 1184 1155 1238 potest)
1176 1185 1296 1227 falso
1317 1186 1430 1229 haec
1446 1188 1522 1229 ad-

257 1247 440 1289 firmare
478 1247 737 1299 conabitur,
768 1248 941 1290 maiore
972 1262 1078 1290 cum
1115 1249 1204 1292 fide
1236 1264 1416 1294 necesse
1454 1255 1522 1294 est

256 1310 487 1353 audiatur.
562 1312 628 1353 At
671 1311 808 1353 malis
853 1312 1122 1355 hominibus
1159 1327 1215 1356 ex
1253 1317 1522 1370 contemptu

257 1375 488 1447 opinionis
516 1378 562 1417 et
590 1376 857 1428 ignorantia
885 1378 1000 1419 recti
1028 1392 1382 1432 nonnumquam
1405 1381 1522 1423 exci-

256 1439 326 1480 dit
362 1439 464 1493 ipsa
501 1439 763 1494 simulati03
803 1440 910 1483 inde
942 1442 1211 1485 immodeste
1242 1447 1522 1498 proponunt,

201 1511 242 1544 13
256 1504 353 1545 sine
381 1504 556 1557 pudore
576 1474 835 1548 adfirmant.
894 1506 1141 1560 Sequitur
1129 1522 1179 1549 111
1198 1508 1270 1560 118,
1291 1523 1409 1562 (11166
1428 1524 1519 1552 cer

255 1570 358 1609 tum
386 1570 454 1610 est
482 1569 599 1610 effici
631 1583 725 1611 non
757 1583 902 1623 posse,
935 1571 1157 1614 deformis
1189 1574 1444 1626 pertinacia
1475 1577 1521 1617 et

255 1633 417 1675 irritus
436 1633 591 1686 labor3
620 1639 729 1675 nam
746 1634 898 1676 sicut
886 1649 935 1676 111
955 1635 1096 1687 vita,
1084 1650 1134 1677 111
1154 1637 1304 1679 causis
1326 1651 1521 1692 quoque,

256 1711 357 1751 spes
372 1698 607 1751 improbas
626 1698 810 1742 habent.
868 1700 1153 1753 Frequenter
1168 1703 1324 1744 autem
1340 1703 1520 1755 accidit,

254 1765 308 1803 ut
333 1762 392 1804 iis
422 1762 563 1804 etiam
582 1776 693 1805 vera
712 1763 974 1806 dicentibus
1005 1764 1116 1807 fides
1136 1765 1268 1818 desit,
1287 1766 1520 1809 videatur-

254 1840 343 1879 que
361 1826 470 1868 talis
490 1826 743 1869 advocatus
762 1828 911 1870 malae
931 1842 1095 1871 causae
1115 1833 1454 1883 argumentum.

201 1891 243 1925 14
335 1891 471 1932 Nunc
504 1891 560 1933 de
592 1891 650 1933 iis
681 1891 928 1934 dicendum
962 1895 1044 1944 est,
1078 1907 1195 1946 (11166
1231 1894 1349 1936 mihi
1387 1896 1519 1949 quasi

254 1955 592 2008 conspiratione
621 1955 823 2008 quadam
851 1956 984 2009 vulgi
1014 1957 1257 1999 reclamari
1287 1958 1518 2003 videntur.

255 2019 422 2062 Orator
441 2033 551 2072 ergo
570 2019 902 2062 Demosthenes
922 2034 1014 2062 non
1034 2021 1128 2063 fuit
1148 2023 1165 2064 Ρ
1193 2022 1322 2075 atqui
1343 2023 1518 2065 malum

254 2084 410 2125 virum
430 2085 701 2138 accepimus,
759 2084 864 2126 Non
885 2085 1045 2128 Cicero
1064 2087 1082 2128 Ρ
1101 2087 1231 2139 atqui
1252 2086 1394 2129 huius
1409 2101 1519 2140 quo·

254 2162 341 2201 que
371 2162 521 2190 mores
550 2147 690 2190 multi
721 2149 1126 2202 reprehenderunt.
1185 2150 1308 2203 Quid
1346 2153 1519 2204 agam?

223 2252 225 2254 .
253 2227 424 2266 magna
442 2212 649 2266 responsi
669 2212 850 2255 invidia
871 2214 1110 2256 subeunda
1130 2216 1212 2265 est,
1232 2215 1518 2268 mitigandae

199 2287 240 2322 16
254 2280 363 2319 sunt
395 2277 525 2331 prius
559 2290 703 2319 aures.
761 2277 881 2318 Mihi
915 2278 1038 2319 enim
1071 2292 1153 2320 nec
1187 2279 1518 2322 Demosthenes

252 2344 351 2387 tam
379 2341 513 2400 gravi
532 2355 716 2382 morum
736 2341 905 2400 dignus
925 2342 1112 2388 videtur
1130 2342 1323 2400 invidia,
1342 2346 1396 2385 ut
1424 2357 1517 2391 om-
