1696 2638
446 162 568 197 INST.
599 160 808 196 ORATOR.
839 160 922 202 XII,
955 160 1007 201 10,
1037 160 1158 194 20-24.
1345 160 1428 202 129

155 291 305 332 neque
340 275 629 319 torrentibus
665 273 884 326 turbidis,
920 272 1000 316 sed
1027 271 1212 315 lenibus
1250 272 1429 326 stagnis

156 341 330 385 similes
348 341 593 383 habentur.

236 406 384 448 Nemo
408 404 558 458 igitur
585 402 888 454 dubitaverit,
905 401 1045 456 longe
1073 415 1170 444 esse
1198 401 1487 455 optimumzo

155 484 335 525 genus
363 469 710 512 Atticorum.
768 468 826 510 In
839 481 932 520 quo
946 469 1001 508 ut
1020 468 1090 508 est
1109 465 1288 519 aliquid
1307 465 1430 507 inter

154 535 279 589 ipsos
307 547 565 585 commune,
583 532 634 574 id
662 534 732 575 est
758 531 988 573 iudicium
1016 544 1120 573 acre
1147 532 1430 583 tersumque,

154 601 223 642 ita
254 599 551 653 ingeniorum
598 597 829 652 plurimae
870 587 1061 639 formae.
1134 595 1429 649 Quapropter
1441 601 1483 635 21

154 665 273 707 mihi
292 664 397 707 falli
410 663 615 706 multum
632 661 869 714 videntur,
886 661 970 716 qui
989 660 1110 704 solos
1129 673 1225 702 esse
1244 660 1430 702 Atticos

155 730 350 773 credunt
368 728 524 771 tenuis
543 730 589 770 et
607 726 787 769 lucidos
807 728 854 769 et
874 725 1199 780 significantis,
1220 724 1300 767 sed
1319 738 1429 778 qua-

155 795 263 837 dam
283 793 572 847 eloquentiae
601 791 877 845 frugalitate
897 792 1139 834 contentos
1168 803 1221 832 ac
1250 803 1430 843 semper

155 874 348 901 manum
366 859 493 900 intra
511 857 708 912 pallium
728 855 1021 898 continentis.
1079 855 1202 897 Nam
1216 854 1321 908 quis
1340 854 1430 896 erit

155 924 232 966 hic
253 923 442 966 Atticus
461 924 479 965 Ρ
535 921 605 964 Sit
635 920 824 975 Lysias3
851 920 979 962 hunc
999 919 1125 962 enim
1145 918 1430 972 amplectun-

156 991 235 1030 tur
254 990 483 1030 amatores
502 986 640 1028 istius
659 985 863 1027 nominis
882 984 1086 1027 modum.
1144 983 1252 1026 Non
1280 983 1430 1037 igitur

155 1053 251 1095 iam
268 1065 416 1106 usque
436 1051 495 1093 ad
515 1051 717 1094 Coccum
732 1052 778 1092 et
793 1049 1085 1091 Andocidem
1099 1049 1394 1091 remittemur
1412 1050 1432 1091 Ρ

157 1119 450 1171 Interrogare
496 1118 654 1158 tamen
700 1114 858 1166 velim,
895 1128 956 1156 an
1004 1115 1230 1156 Isocrates
1271 1113 1430 1155 Attice

156 1182 350 1235 dixerit3
396 1180 517 1222 nihil
554 1179 680 1222 enim
716 1181 816 1221 tam
853 1181 923 1221 est
970 1178 1139 1232 Lysiae
1177 1177 1428 1220 diversum.
1442 1190 1486 1224 22

156 1247 432 1300 Negabunt;
478 1247 528 1287 at
573 1244 673 1287 eius
711 1243 869 1286 schola
914 1243 1149 1298 principes
1190 1243 1430 1284 oratorum

156 1312 295 1354 dedit.
336 1310 599 1365 Quaeratur
613 1309 816 1352 similius
831 1307 1023 1362 aliquid.
1068 1306 1333 1362 Hyperides
1345 1307 1430 1348 At-

155 1377 278 1419 ticus
295 1378 314 1420 Ρ
369 1376 518 1427 Certe,
536 1377 586 1418 at
612 1374 720 1430 plus
738 1373 938 1416 indulsit
957 1372 1206 1427 voluptati.
1263 1372 1430 1414 Trans-

156 1456 209 1484 eo
238 1441 480 1496 plurimos,
499 1440 787 1494 Lycurgum,
804 1437 1133 1492 Aristogitona
1162 1439 1209 1480 et
1235 1437 1311 1479 his
1337 1437 1430 1492 pri-

156 1513 257 1550 ores
277 1507 475 1557 Isaeum,
494 1504 816 1559 Antiphonta3
850 1517 980 1558 quos,
998 1505 1055 1545 ut
1073 1503 1287 1545 homines
1306 1503 1431 1545 inter

157 1586 204 1615 se
251 1585 417 1626 genere
474 1569 663 1622 similes,
719 1569 980 1612 differentis
1037 1568 1211 1610 dixeris
1268 1567 1429 1622 specie.

158 1636 283 1692 Quid
342 1636 436 1688 ille,
482 1635 616 1678 cuius
675 1634 814 1677 modo
874 1633 1074 1676 fecimus
1133 1633 1487 1684 mentionem,23

157 1701 412 1744 Aeschines
430 1702 450 1743 Ρ
476 1713 630 1742 nonne
651 1699 728 1741 his
757 1698 898 1741 latior
927 1700 974 1741 et
1003 1697 1250 1740 audentior
1280 1699 1326 1740 et
1356 1711 1431 1739 ex—

157 1766 322 1808 celsior
339 1767 358 1808 ?
378 1770 387 1781 ⁸
412 1764 538 1819 Quid
556 1764 755 1817 denique
784 1763 1118 1806 Demosthenes
1136 1764 1155 1806 Ρ
1181 1776 1276 1804 non
1295 1775 1432 1804 cunc-

156 1833 229 1873 tos
256 1830 363 1873 illos
390 1831 554 1872 tenues
582 1830 629 1870 et
656 1829 1016 1882 circumspectos
1035 1827 1100 1879 vi,
1129 1826 1432 1878 sublimitate,

156 1895 350 1950 impetu,
379 1894 527 1946 cultu,
556 1893 890 1947 compositione
919 1892 1198 1947 superavit?
1238 1906 1334 1934 non
1362 1892 1432 1934 in-

158 1960 310 2014 surgit
340 1959 493 2002 locis?
532 1973 628 2001 non
659 1957 825 2012 figuris
858 1957 1069 2012 gaudet?
1108 1971 1204 2013 non
1235 1956 1433 1999 transla-

157 2025 365 2067 tionibus
383 2024 540 2066 nitet?
567 2037 662 2065 non
681 2023 892 2065 oratione
919 2022 1029 2065 ficta
1056 2020 1139 2064 dat
1165 2021 1433 2064 tacentibus
1515 2051 1517 2053 ·

158 2091 355 2132 vocem?
391 2102 486 2130 non
530 2087 650 2130 illud
695 2086 1026 2130 iusiurandum
1071 2100 1154 2141 per
1191 2100 1345 2129 caesos
1381 2087 1490 2129 11124

159 2154 434 2197 Marathone
464 2167 517 2195 ac
549 2152 782 2196 Salamine
810 2154 1181 2207 propugnatores
1210 2151 1280 2195 rei
1316 2152 1433 2207 pub-

158 2218 274 2261 licae
321 2219 434 2260 satis
470 2217 720 2260 manifesto
768 2217 913 2269 docet,
949 2218 1296 2272 praeceptorem
1332 2217 1432 2260 eius

161 2284 403 2326 Platonem
441 2283 623 2334 fuisse?
669 2297 808 2336 quem
844 2281 1000 2337 ipsum
1045 2297 1162 2324 num
1199 2282 1432 2325 Asianum

160 2348 500 2403 appellabimus
527 2347 802 2402 plerumque
821 2347 1060 2390 instinctis
1080 2347 1241 2390 divino
1262 2346 1432 2402 spiritu
