1696 2638
497 159 620 194 INST.
651 158 860 193 ORATOR.
891 157 975 200 XII,
1006 157 1060 200 11,
1091 157 1209 193 14-17.
1378 158 1462 201 145

190 273 356 320 cetera
374 288 499 326 vero,
518 273 702 316 etiamsi
731 274 931 315 aetatem
949 273 1159 314 nostram
1187 284 1282 312 non
1310 270 1463 325 spatio

190 339 455 391 senectutis,
484 338 563 381 sed
590 341 798 392 tempore
826 336 1169 379 adulescentiae
1197 335 1463 387 metiamur,

189 403 373 446 abunde
393 403 566 445 multos
586 402 646 444 ad
674 401 947 444 discendum
966 414 1112 443 annos
1139 400 1338 451 habent3
1367 413 1462 441 om-

189 469 269 510 nia
287 469 412 510 enim
430 468 646 510 breviora
673 466 834 509 reddet
862 466 974 508 ordo
994 467 1040 508 et
1067 465 1189 507 ratio
1209 466 1254 506 et
1282 464 1461 508 modus.

190 533 278 576 Sed
297 532 436 587 culpa
454 535 523 574 est
542 532 593 573 in
615 531 994 586 praeceptoribus
1022 530 1189 585 prima,
1207 529 1290 583 qui
1317 529 1462 571 liben-
1476 536 1518 570 14

188 600 260 640 ter
279 597 488 640 detinent
506 610 622 651 quos
641 597 1002 650 occupaverunt,
1016 595 1190 650 partim
1205 594 1462 648 cupiditate

188 662 368 704 diutius
405 661 621 715 exigendi
659 660 960 712 mercedulas,
987 659 1163 715 partim
1194 659 1463 710 ambitione,

188 741 281 781 quo
327 726 562 769 difficilius
599 725 817 767 videatur
855 739 951 768 esse
997 724 1122 779 quod
1168 723 1463 779 pollicentur,

187 791 362 846 partim
381 791 523 834 etiam
542 790 790 833 inscientia
812 790 1029 832 tradendi
1048 789 1125 832 vel
1153 788 1460 842 neglegentia.

188 857 409 899 Proxima
437 856 488 898 in
517 856 665 907 nobis,-
685 855 767 909 qui
800 855 976 897 morari
1008 855 1060 896 in
1092 868 1145 897 eo
1175 853 1299 908 quod
1330 854 1462 895 novi-

187 936 307 974 mus,
325 935 467 976 quam
495 921 669 963 discere
697 934 816 974 quae
844 919 1054 962 nondum
1083 920 1269 971 scimus,
1294 918 1462 961 melius

187 989 420 1041 putamus.
478 986 601 1027 Nam
620 987 674 1027 ut
693 985 750 1028 de
769 985 940 1027 nostris
968 985 1265 1039 potissimum
1293 983 1462 1025 studiis
1476 985 1519 1019 15

187 1051 354 1103 dicam,
382 1050 496 1105 quid
534 1050 704 1092 attinet
732 1052 831 1092 tam
867 1049 1031 1092 multis
1060 1049 1210 1101 annis,
1239 1062 1382 1102 quam
1410 1049 1461 1090 in

187 1130 315 1159 more
334 1118 404 1159 est
431 1115 746 1171 plurimorum
769 1115 841 1168 (ut
860 1115 917 1157 de
934 1109 1025 1166 his,
1043 1128 1072 1156 a
1090 1114 1262 1168 quibus
1290 1127 1463 1167 magna

187 1181 238 1222 in
256 1180 344 1223 hoc
373 1193 481 1235 pars
511 1179 677 1222 aetatis
707 1179 987 1230 absumitur,
1016 1178 1213 1231 taceam)
1247 1178 1462 1220 declami-

187 1250 287 1288 tare
306 1246 358 1287 in
387 1245 546 1288 schola
564 1246 611 1288 et
642 1246 831 1286 tantum
864 1243 1039 1286 laboris
1071 1244 1123 1286 in
1156 1243 1295 1286 rebus
1328 1243 1462 1285 falsis

188 1324 470 1362 consumere,
490 1323 598 1352 cum
626 1309 740 1352 satis
769 1309 831 1351 sit
858 1308 1041 1351 modico
1069 1310 1278 1363 tempore
1297 1307 1462 1361 imagi-

187 1389 294 1418 nem
313 1375 413 1418 veri
433 1374 717 1417 discriminis
736 1375 782 1416 et
801 1373 986 1416 dicendi
1004 1373 1130 1427 leges
1149 1372 1426 1427 comperisse
1444 1374 1463 1415 ἲ

188 1440 324 1495 Quod
353 1454 448 1483 non
477 1440 596 1492 dico,
618 1439 730 1494 quia
759 1439 822 1481 sit
851 1453 1077 1494 umquam
1107 1437 1366 1482 omittenda
1396 1437 1461 1479 di·
1476 1444 1518 1478 16

188 1505 321 1548 cendi
350 1505 634 1557 exercitatio,
663 1503 742 1547 sed
779 1504 892 1558 quia
918 1518 1014 1547 non
1050 1504 1102 1546 in
1138 1517 1236 1546 una
1263 1503 1325 1545 sit
1362 1502 1462 1544 eius

188 1571 339 1625 specie
377 1569 807 1613 consenescendum.
882 1570 976 1612 Res
1003 1569 1161 1611 varias
1189 1581 1463 1622 cognoscere

187 1638 234 1678 et
252 1638 499 1690 praecepta
517 1634 710 1677 vivendi
738 1634 997 1689 perdiscere
1016 1636 1072 1677 et>
1090 1634 1141 1675 in
1161 1633 1265 1675 foro
1283 1647 1368 1675 nos
1388 1646 1463 1675 ex-

187 1701 331 1755 periri
378 1701 632 1755 potuimus,
670 1699 784 1741 dum
822 1698 1089 1741 scholastici
1128 1711 1302 1741 sumus.
1359 1697 1463 1740 Dis-

188 1765 323 1807 cendi
359 1765 480 1807 ratio
517 1764 640 1815 talis,
669 1766 725 1805 ut
763 1777 857 1806 non
894 1763 1069 1805 multos
1106 1765 1267 1817 poscat
1303 1775 1461 1805 annos.

189 1829 434 1884 Quaelibet
449 1829 574 1871 enim
590 1842 647 1871 ex
666 1828 725 1870 iis
740 1828 935 1880 artibus,
950 1841 1151 1882 quarum
1170 1827 1317 1869 habui
1336 1840 1462 1869 men-

188 1894 377 1945 tionem,
397 1893 446 1935 in
474 1906 646 1947 paucos
674 1892 820 1935 libros
839 1892 1056 1935 contrahi
1085 1891 1215 1944 solet,
1235 1891 1349 1934 adeo
1368 1905 1463 1933 non

189 1960 258 2000 est
276 1958 462 2000 infinito
482 1957 633 2012 spatio
653 1971 706 1999 ac
725 1957 979 2000 traditione
998 1970 1128 2012 opus.
1176 1955 1375 2010 Reliqua
1394 1957 1464 1998 est

189 2023 458 2065 exercitatio
478 2036 597 2076 quae
612 2022 738 2065 vires
758 2022 852 2065 cito
867 2022 997 2074 fac-it,
1013 2036 1121 2065 cum
1142 2021 1269 2073 fecit,
1288 2023 1461 2063 tuetur.

189 2086 366 2129 Rerum
394 2087 599 2141 cognitio
629 2086 798 2129 cotidie
836 2086 1015 2139 crescit,
1043 2088 1090 2129 et
1126 2087 1285 2128 tamen
1321 2099 1464 2140 quam
1477 2095 1520 2130 17

189 2151 447 2194 multorum
466 2152 525 2194 ad
554 2166 655 2195 eam
683 2152 915 2194 librorum
937 2151 1196 2194 necessaria
1222 2150 1362 2194 lectio
1381 2152 1464 2202 est,

191 2216 360 2269 quibus
380 2219 463 2259 aut
492 2231 650 2259 rerum
681 2216 894 2270 exempla
926 2216 985 2258 ab
1014 2216 1250 2258 historicis
1284 2217 1367 2257 aut
1397 2215 1464 2257 di-

148 2321 154 2328 ,
191 2281 325 2323 cendi
357 2282 417 2323 ab
450 2281 714 2323 oratoribus
752 2282 1015 2335 petuntur?
1070 2280 1465 2334 Philosophorum

191 2358 374 2399 quoque
393 2346 803 2400 consultorumque
822 2345 1076 2400 opiniones,
1096 2345 1234 2387 sicuti
1262 2345 1371 2397 alia,
1388 2358 1465 2387 ve·

372 2413 417 2448 10
