1696 2638
473 179 594 214 INST.
626 179 835 214 ORATOR.
866 178 910 221 X,
941 179 973 221 3,
1003 179 1123 214 27-30.
1383 178 1440 224 67

165 307 261 336 11011
307 293 415 349 plus
452 292 766 346 inrogandum
803 294 872 335 est
913 306 1056 346 quam
1103 291 1228 346 quod
1276 305 1438 334 somno

167 358 410 412 supererit,
435 357 563 400 haud
594 357 752 400 deerit.
811 357 979 400 Obstat
1009 356 1134 399 enim
1165 356 1437 410 diligentiae
1449 363 1492 399 27

167 422 398 464 scribendi
436 422 579 467 etiam
616 421 852 475 fatigatio,
889 423 935 463 et
977 421 1176 473 abunde,
1213 421 1253 463 si
1290 423 1438 473 vacet,

165 487 284 529 lucis
312 487 465 542 spatia
492 482 754 539 sufficiunt3
783 488 1030 541 occupatos
1062 486 1114 528 in
1145 488 1328 528 noctem
1361 501 1437 529 ne-

166 552 354 612 cessitas
373 552 484 606 agit.
542 552 628 594 Est
658 553 816 593 tamen
845 551 1125 603 lucubratio,
1143 551 1363 612 quotiens
1377 551 1437 593 ad

166 631 268 659 eam
297 617 471 672 integri
502 630 555 659 ac
586 616 749 659 refecti
769 616 998 668 venimus,
1019 616 1252 671 Optimum
1272 616 1436 659 secreti

165 695 324 736 genus.
531 691 533 693 “

246 746 335 789 Sed
354 745 595 788 silentium
615 747 661 788 et
684 759 886 788 secessus
907 748 953 788 et
971 746 1179 799 undique
1199 745 1319 787 liber
1338 746 1435 787 ani·
1448 750 1492 785 28

164 825 269 853 mus
299 813 354 853 ut
391 812 502 853 sunt
538 810 741 852 maxime
775 810 992 864 optanda,
1025 811 1094 852 ita
1125 824 1220 852 non
1257 823 1436 864 semper

164 878 359 931 possunt
392 875 675 929 contingere,
694 875 890 929 ideoque
923 890 1016 917 non
1047 876 1222 927 statim,
1252 875 1291 917 si
1321 875 1436 928 quid

165 941 413 995 obstrepet,
433 940 665 982 abiciendi
696 939 874 982 codices
901 942 1038 983 erunt
1058 942 1104 983 et
1124 939 1436 995 deplorandus

165 1006 286 1060 dies;
332 1019 498 1048 verum
535 999 842 1047 incommodis
879 1005 1238 1059 repugnandum
1276 1007 1322 1047 et
1358 1005 1435 1047 hic

165 1070 407 1113 faciendus
436 1083 563 1121 usus,
582 1071 637 1111 ut
668 1069 826 1111 omnia
844 1083 962 1123 quae
992 1069 1248 1124 impedient
1276 1069 1436 1111 vincat

164 1135 387 1188 intenti03
434 1149 576 1188 quam
614 1134 653 1176 si
700 1136 801 1176 tota
836 1136 991 1177 mente
1037 1135 1089 1176 in
1126 1148 1243 1189 opus
1279 1135 1435 1189 ipsum

164 1196 402 1252 direxeris,
435 1199 557 1241 nihil
595 1213 770 1252 eorum,
800 1214 919 1254 quae
953 1199 1100 1242 oculis
1132 1199 1209 1242 vel
1242 1199 1435 1241 auribus

163 1264 420 1316 incursant,
450 1264 510 1306 ad
542 1265 754 1306 animum
786 1264 1038 1319 perveniet.
1095 1265 1175 1306 An
1204 1278 1316 1306 vero
1346 1264 1491 1308 fre-29

163 1332 360 1384 quenter
379 1329 522 1372 etiam
541 1329 742 1371 fortuita
770 1329 858 1371 hoc
889 1328 1112 1383 cogitatio
1142 1331 1362 1383 praestat,
1380 1330 1436 1371 ut

165 1395 327 1437 obvios
356 1408 451 1436 non
481 1394 725 1437 videamus
751 1397 797 1437 et
827 1394 994 1437 itinere
1025 1394 1311 1437 deerremus:
1341 1408 1436 1436 non

165 1473 499 1513 consequemur
512 1459 650 1511 idem,
666 1460 705 1501 si
725 1461 771 1502 et
791 1459 1079 1502 voluerimus
1098 1461 1116 1502 ?
1162 1459 1269 1501 Non
1284 1461 1352 1501 est
1366 1459 1435 1501 in-

165 1524 454 1578 dulgendum
483 1525 635 1567 causis
663 1525 878 1568 desidiae.
937 1525 1059 1567 Nam
1088 1524 1128 1566 si
1147 1524 1334 1566 nonnisi
1367 1537 1435 1566 re-

164 1589 290 1642 fecti,
308 1589 496 1632 nonnisi
521 1590 707 1642 hilares,
726 1590 912 1632 nonnisi
940 1589 1157 1632 omnibus
1183 1589 1290 1632 aliis
1310 1589 1436 1631 curis

164 1656 383 1697 vacantes
414 1654 697 1697 studendum
727 1655 1107 1706 existimarimus,
1138 1668 1317 1709 semper
1346 1654 1436 1696 erit

163 1722 354 1774 propter
372 1719 498 1774 quod
520 1720 655 1762 nobis
673 1720 981 1774 ignoscamus.
1039 1719 1194 1774 Quare
1211 1719 1264 1761 in
1282 1719 1436 1771 turba,
1447 1729 1491 1765 30
1532 1725 1534 1727 ’

165 1784 345 1837 itinere,
363 1785 594 1827 conviviis
625 1785 767 1827 etiam
800 1785 945 1827 faciat
971 1785 1061 1827 sibi
1091 1784 1315 1838 cogitatio
1334 1784 1437 1839 ipsa

165 1852 406 1893 secretum.
463 1849 589 1904 Quid
619 1849 796 1903 alioqui
826 1850 919 1902 fiet,
942 1863 1049 1892 cum
1067 1849 1119 1891 in
1137 1849 1290 1892 medio
1318 1849 1437 1902 foro,

164 1915 236 1955 tot
264 1914 678 1957 circumstantibus
705 1914 908 1966 iudiciis,
923 1914 1108 1968 iurgiis,
1122 1914 1334 1956 fortuitis
1353 1914 1436 1956 eti-

165 1992 242 2020 am
261 1978 557 2031 clamoribus,
583 1979 672 2021 erit
703 1979 859 2021 subito
889 1979 1113 2022 continua
1131 1979 1340 2022 oratione
1368 1979 1436 2021 di—

164 2043 377 2096 cendum,
396 2044 436 2087 si
466 2043 736 2099 particulas,
754 2057 871 2098 quas
896 2044 1013 2087 ceris
1032 2044 1323 2096 mandamus,
1342 2043 1435 2086 nisi

164 2108 216 2150 in
248 2108 500 2152 solitudine
532 2109 734 2163 reperire
771 2122 865 2151 non
901 2111 1184 2163 possumus?
1239 2109 1436 2163 Propter

164 2187 284 2228 quae
302 2173 427 2216 idem
438 2173 518 2216 ille
538 2175 699 2216 tantus
719 2175 901 2215 amator
919 2174 1083 2216 secreti
1103 2173 1436 2216 Demosthenes

164 2239 216 2280 in
233 2238 385 2291 litore,
402 2238 454 2280 in
473 2252 565 2292 quo
585 2252 632 2281 se
657 2238 863 2280 maximo
894 2251 1001 2280 cum
1032 2252 1144 2280 sono
1174 2238 1344 2280 fluctus
1366 2238 1435 2279 in-

164 2302 345 2355 fideret,
373 2303 604 2346 meditans
633 2302 959 2345 consuescebat
978 2302 1249 2345 contionum
1277 2301 1435 2345 fremi-

165 2369 244 2413 tus
262 2382 357 2410 non
375 2381 689 2423 expavescere.
