<?xml version="1.0" encoding="UTF-8"?>
<!DOCTYPE html PUBLIC "-//W3C//DTD XHTML 1.0 Transitional//EN"
    "http://www.w3.org/TR/xhtml1/DTD/xhtml1-transitional.dtd">
<html xmlns="http://www.w3.org/1999/xhtml" xml:lang="en" lang="en">
 <head>
  <title>
</title>
<meta http-equiv="Content-Type" content="text/html;charset=utf-8" />
  <meta name='ocr-system' content='tesseract 3.04.00' />
  <meta name='ocr-capabilities' content='ocr_page ocr_carea ocr_par ocr_line ocrx_word'/>
</head>
<body>
  <div class='ocr_page' id='page_1' title='image "./tenthtwelfthbook00quinuoft_0095.png"; bbox 0 0 1696 2638; ppageno 0'>
   <div class='ocr_carea' id='block_1_1' title="bbox 458 165 1443 210">
    <p class='ocr_par' dir='ltr' id='par_1_1' title="bbox 458 165 1443 210">
     <span class='ocr_line' id='line_1_1' title="bbox 458 165 1443 210; baseline -0.002 -5"><span class='ocrx_word' id='word_1_1' title='bbox 458 169 581 205; x_wconf 78' lang='lat' dir='ltr'>INST.</span> <span class='ocrx_word' id='word_1_2' title='bbox 612 168 821 204; x_wconf 83' lang='lat' dir='ltr'>ORATOR.</span> <span class='ocrx_word' id='word_1_3' title='bbox 852 166 937 210; x_wconf 89' lang='lat' dir='ltr'><strong>XII,</strong></span> <span class='ocrx_word' id='word_1_4' title='bbox 969 167 1000 209; x_wconf 92' lang='lat'>1,</span> <span class='ocrx_word' id='word_1_5' title='bbox 1032 166 1152 202; x_wconf 76' lang='lat'><strong>16-20.</strong></span> <span class='ocrx_word' id='word_1_6' title='bbox 1276 183 1293 203; x_wconf 67' lang='grc' dir='ltr'><strong>ο</strong></span> <span class='ocrx_word' id='word_1_7' title='bbox 1387 165 1443 209; x_wconf 87' lang='grc'>91</span> 
     </span>
    </p>
   </div>
   <div class='ocr_carea' id='block_1_2' title="bbox 171 280 1510 2408">
    <p class='ocr_par' dir='ltr' id='par_1_2' title="bbox 171 280 1510 2408">
     <span class='ocr_line' id='line_1_2' title="bbox 172 280 1445 340; baseline -0.006 -12"><span class='ocrx_word' id='word_1_8' title='bbox 172 285 264 338; x_wconf 69' lang='grc'>1116,</span> <span class='ocrx_word' id='word_1_9' title='bbox 283 298 402 340; x_wconf 89' lang='lat' dir='ltr'>quae</span> <span class='ocrx_word' id='word_1_10' title='bbox 427 284 479 326; x_wconf 87' lang='lat' dir='ltr'>in</span> <span class='ocrx_word' id='word_1_11' title='bbox 508 298 615 327; x_wconf 89' lang='lat' dir='ltr'>eum</span> <span class='ocrx_word' id='word_1_12' title='bbox 643 282 703 325; x_wconf 88' lang='lat' dir='ltr'>ab</span> <span class='ocrx_word' id='word_1_13' title='bbox 730 281 934 324; x_wconf 88' lang='lat' dir='ltr'>inimicis</span> <span class='ocrx_word' id='word_1_14' title='bbox 962 281 1181 334; x_wconf 89' lang='lat' dir='ltr'>congesta</span> <span class='ocrx_word' id='word_1_15' title='bbox 1209 280 1333 330; x_wconf 86' lang='lat' dir='ltr'>sunt,</span> <span class='ocrx_word' id='word_1_16' title='bbox 1351 291 1445 321; x_wconf 90' lang='lat' dir='ltr'>cre-</span> 
     </span>
     <span class='ocr_line' id='line_1_3' title="bbox 171 343 1444 403; baseline -0.006 -11"><span class='ocrx_word' id='word_1_17' title='bbox 171 350 293 402; x_wconf 86' lang='lat' dir='ltr'>dam,</span> <span class='ocrx_word' id='word_1_18' title='bbox 312 364 420 392; x_wconf 93' lang='lat' dir='ltr'>cum</span> <span class='ocrx_word' id='word_1_19' title='bbox 439 351 484 391; x_wconf 90' lang='lat' dir='ltr'>et</span> <span class='ocrx_word' id='word_1_20' title='bbox 514 347 829 403; x_wconf 89' lang='lat' dir='ltr'>pulcherrima</span> <span class='ocrx_word' id='word_1_21' title='bbox 848 346 947 389; x_wconf 89' lang='lat' dir='ltr'>eius</span> <span class='ocrx_word' id='word_1_22' title='bbox 965 346 1018 387; x_wconf 88' lang='lat' dir='ltr'>in</span> <span class='ocrx_word' id='word_1_23' title='bbox 1041 358 1092 388; x_wconf 90' lang='lat' dir='ltr'>re</span> <span class='ocrx_word' id='word_1_24' title='bbox 1121 343 1311 399; x_wconf 88' lang='lat' dir='ltr'>publica</span> <span class='ocrx_word' id='word_1_25' title='bbox 1340 357 1444 385; x_wconf 92' lang='lat' dir='ltr'>con-</span> 
     </span>
     <span class='ocr_line' id='line_1_4' title="bbox 171 407 1500 463; baseline -0.008 -6"><span class='ocrx_word' id='word_1_26' title='bbox 171 415 278 457; x_wconf 88' lang='lat' dir='ltr'>silia</span> <span class='ocrx_word' id='word_1_27' title='bbox 314 416 360 456; x_wconf 87' lang='lat' dir='ltr'>et</span> <span class='ocrx_word' id='word_1_28' title='bbox 398 414 537 455; x_wconf 91' lang='lat' dir='ltr'>finem</span> <span class='ocrx_word' id='word_1_29' title='bbox 566 413 691 454; x_wconf 83' lang='lat' dir='ltr'>vitae</span> <span class='ocrx_word' id='word_1_30' title='bbox 729 411 910 454; x_wconf 89' lang='lat' dir='ltr'>clarum</span> <span class='ocrx_word' id='word_1_31' title='bbox 946 410 1125 463; x_wconf 84' lang='lat' dir='ltr'>legam3</span> <span class='ocrx_word' id='word_1_32' title='bbox 1163 421 1247 450; x_wconf 92' lang='lat' dir='ltr'>nec</span> <span class='ocrx_word' id='word_1_33' title='bbox 1285 407 1444 450; x_wconf 82' lang='lat' dir='ltr'>Marco</span> <span class='ocrx_word' id='word_1_34' title='bbox 1457 411 1500 446; x_wconf 79' lang='grc'>16</span> 
     </span>
     <span class='ocr_line' id='line_1_5' title="bbox 172 472 1444 529; baseline -0.006 -8"><span class='ocrx_word' id='word_1_35' title='bbox 172 479 327 522; x_wconf 88' lang='lat' dir='ltr'>Tullio</span> <span class='ocrx_word' id='word_1_36' title='bbox 356 478 559 520; x_wconf 82' lang='lat' dir='ltr'>defuisse</span> <span class='ocrx_word' id='word_1_37' title='bbox 587 476 724 519; x_wconf 84' lang='lat' dir='ltr'>vid&#39;eo</span> <span class='ocrx_word' id='word_1_38' title='bbox 752 476 803 518; x_wconf 88' lang='lat' dir='ltr'>in</span> <span class='ocrx_word' id='word_1_39' title='bbox 830 475 930 517; x_wconf 91' lang='lat' dir='ltr'>ulla</span> <span class='ocrx_word' id='word_1_40' title='bbox 966 476 1099 529; x_wconf 84' lang='lat' dir='ltr'>parte</span> <span class='ocrx_word' id='word_1_41' title='bbox 1132 473 1249 516; x_wconf 87' lang='lat' dir='ltr'>civis</span> <span class='ocrx_word' id='word_1_42' title='bbox 1278 472 1444 527; x_wconf 89' lang='lat' dir='ltr'>optimi</span> 
     </span>
     <span class='ocr_line' id='line_1_6' title="bbox 171 536 1444 586; baseline -0.006 0"><span class='ocrx_word' id='word_1_43' title='bbox 171 544 476 586; x_wconf 88' lang='lat' dir='ltr'>voluntatem.</span> <span class='ocrx_word' id='word_1_44' title='bbox 547 541 833 584; x_wconf 88' lang='lat' dir='ltr'>Testimonio</span> <span class='ocrx_word' id='word_1_45' title='bbox 871 542 941 582; x_wconf 90' lang='lat' dir='ltr'>est</span> <span class='ocrx_word' id='word_1_46' title='bbox 987 540 1120 581; x_wconf 86' lang='lat' dir='ltr'>actus</span> <span class='ocrx_word' id='word_1_47' title='bbox 1157 536 1444 580; x_wconf 85' lang='lat' dir='ltr'>nobilissime</span> 
     </span>
     <span class='ocr_line' id='line_1_7' title="bbox 171 602 1445 660; baseline -0.006 -9"><span class='ocrx_word' id='word_1_48' title='bbox 171 608 455 659; x_wconf 75' lang='lat' dir='ltr'>consulatus,</span> <span class='ocrx_word' id='word_1_49' title='bbox 492 606 791 660; x_wconf 76' lang='lat' dir='ltr'>integerrime</span> <span class='ocrx_word' id='word_1_50' title='bbox 838 604 1081 660; x_wconf 87' lang='lat' dir='ltr'>provincia</span> <span class='ocrx_word' id='word_1_51' title='bbox 1118 602 1445 645; x_wconf 87' lang='lat' dir='ltr'>administrata</span> 
     </span>
     <span class='ocr_line' id='line_1_8' title="bbox 172 666 1445 728; baseline -0.006 -12"><span class='ocrx_word' id='word_1_52' title='bbox 172 673 231 716; x_wconf 61' lang='lat' dir='ltr'>et’</span> <span class='ocrx_word' id='word_1_53' title='bbox 254 673 529 728; x_wconf 90' lang='lat' dir='ltr'>repudiatus</span> <span class='ocrx_word' id='word_1_54' title='bbox 547 671 933 726; x_wconf 73' lang='lat' dir='ltr'>¹vigintiviratus,</span> <span class='ocrx_word' id='word_1_55' title='bbox 965 671 1011 712; x_wconf 89' lang='lat' dir='ltr'>et</span> <span class='ocrx_word' id='word_1_56' title='bbox 1041 668 1260 711; x_wconf 86' lang='lat' dir='ltr'>civilibus</span> <span class='ocrx_word' id='word_1_57' title='bbox 1296 666 1445 719; x_wconf 87' lang='lat' dir='ltr'>bellis,</span> 
     </span>
     <span class='ocr_line' id='line_1_9' title="bbox 172 733 1445 793; baseline -0.006 -12"><span class='ocrx_word' id='word_1_58' title='bbox 172 753 290 793; x_wconf 89' lang='lat' dir='ltr'>quae</span> <span class='ocrx_word' id='word_1_59' title='bbox 317 739 367 780; x_wconf 89' lang='lat' dir='ltr'>in</span> <span class='ocrx_word' id='word_1_60' title='bbox 382 759 385 762; x_wconf 45' lang='lat'>*</span> <span class='ocrx_word' id='word_1_61' title='bbox 398 740 598 780; x_wconf 89' lang='lat' dir='ltr'>aetatem</span> <span class='ocrx_word' id='word_1_62' title='bbox 629 737 729 779; x_wconf 88' lang='lat' dir='ltr'>eius</span> <span class='ocrx_word' id='word_1_63' title='bbox 760 735 1040 790; x_wconf 87' lang='lat' dir='ltr'>gravissima</span> <span class='ocrx_word' id='word_1_64' title='bbox 1069 733 1348 784; x_wconf 89' lang='lat' dir='ltr'>inciderunt,</span> <span class='ocrx_word' id='word_1_65' title='bbox 1369 745 1445 774; x_wconf 89' lang='lat' dir='ltr'>ne-</span> 
     </span>
     <span class='ocr_line' id='line_1_10' title="bbox 173 798 1446 857; baseline -0.006 -11"><span class='ocrx_word' id='word_1_66' title='bbox 173 817 262 857; x_wconf 92' lang='lat' dir='ltr'>que</span> <span class='ocrx_word' id='word_1_67' title='bbox 308 817 387 857; x_wconf 91' lang='lat' dir='ltr'>spe</span> <span class='ocrx_word' id='word_1_68' title='bbox 432 816 582 856; x_wconf 91' lang='lat' dir='ltr'>neque</span> <span class='ocrx_word' id='word_1_69' title='bbox 628 804 759 844; x_wconf 90' lang='lat' dir='ltr'>metu</span> <span class='ocrx_word' id='word_1_70' title='bbox 805 800 1064 842; x_wconf 90' lang='lat' dir='ltr'>declinatus</span> <span class='ocrx_word' id='word_1_71' title='bbox 1110 798 1309 848; x_wconf 87' lang='lat' dir='ltr'>animus,</span> <span class='ocrx_word' id='word_1_72' title='bbox 1353 810 1446 850; x_wconf 92' lang='lat' dir='ltr'>quo</span> 
     </span>
     <span class='ocr_line' id='line_1_11' title="bbox 172 861 1446 922; baseline -0.005 -12"><span class='ocrx_word' id='word_1_73' title='bbox 172 869 329 910; x_wconf 92' lang='lat' dir='ltr'>minus</span> <span class='ocrx_word' id='word_1_74' title='bbox 362 867 552 922; x_wconf 90' lang='lat' dir='ltr'>optimis</span> <span class='ocrx_word' id='word_1_75' title='bbox 582 880 629 909; x_wconf 91' lang='lat' dir='ltr'>se</span> <span class='ocrx_word' id='word_1_76' title='bbox 667 865 894 920; x_wconf 88' lang='lat' dir='ltr'>partibus,</span> <span class='ocrx_word' id='word_1_77' title='bbox 922 863 971 906; x_wconf 92' lang='lat' dir='ltr'>id</span> <span class='ocrx_word' id='word_1_78' title='bbox 1009 865 1078 906; x_wconf 89' lang='lat' dir='ltr'>est</span> <span class='ocrx_word' id='word_1_79' title='bbox 1114 863 1182 906; x_wconf 87' lang='lat' dir='ltr'>rei</span> <span class='ocrx_word' id='word_1_80' title='bbox 1219 861 1446 917; x_wconf 87' lang='lat' dir='ltr'>publicae,</span> 
     </span>
     <span class='ocr_line' id='line_1_12' title="bbox 172 926 1503 987; baseline -0.005 -12"><span class='ocrx_word' id='word_1_81' title='bbox 172 934 398 987; x_wconf 85' lang='lat' dir='ltr'>iungeret.</span> <span class='ocrx_word' id='word_1_82' title='bbox 457 933 632 974; x_wconf 76' lang='lat' dir='ltr'>Parum</span> <span class='ocrx_word' id='word_1_83' title='bbox 662 930 800 973; x_wconf 83' lang='lat' dir='ltr'>fortis</span> <span class='ocrx_word' id='word_1_84' title='bbox 820 929 1007 972; x_wconf 80' lang='lat' dir='ltr'>videtur</span> <span class='ocrx_word' id='word_1_85' title='bbox 1031 927 1326 982; x_wconf 87' lang='lat' dir='ltr'>quibusdam,</span> <span class='ocrx_word' id='word_1_86' title='bbox 1346 926 1446 980; x_wconf 90' lang='lat' dir='ltr'>qui·</span> <span class='ocrx_word' id='word_1_87' title='bbox 1459 932 1503 969; x_wconf 77' lang='lat'>17</span> 
     </span>
     <span class='ocr_line' id='line_1_13' title="bbox 172 992 1446 1052; baseline -0.006 -11"><span class='ocrx_word' id='word_1_88' title='bbox 172 999 261 1041; x_wconf 93' lang='lat' dir='ltr'>bus</span> <span class='ocrx_word' id='word_1_89' title='bbox 281 998 455 1052; x_wconf 91' lang='lat' dir='ltr'>optime</span> <span class='ocrx_word' id='word_1_90' title='bbox 475 996 714 1051; x_wconf 86' lang='lat' dir='ltr'>respondit</span> <span class='ocrx_word' id='word_1_91' title='bbox 733 996 845 1050; x_wconf 87' lang='lat' dir='ltr'>ipse,</span> <span class='ocrx_word' id='word_1_92' title='bbox 864 1007 975 1036; x_wconf 91' lang='lat' dir='ltr'>non</span> <span class='ocrx_word' id='word_1_93' title='bbox 1004 1007 1059 1036; x_wconf 90' lang='lat' dir='ltr'>se</span> <span class='ocrx_word' id='word_1_94' title='bbox 1087 992 1360 1035; x_wconf 88' lang='lat' dir='ltr'>timidum</span> <span class='ocrx_word' id='word_1_95' title='bbox 1386 993 1446 1034; x_wconf 91' lang='lat' dir='ltr'>in</span> 
     </span>
     <span class='ocr_line' id='line_1_14' title="bbox 174 1057 1446 1116; baseline -0.003 -12"><span class='ocrx_word' id='word_1_96' title='bbox 174 1061 584 1116; x_wconf 85' lang='lat' dir='ltr'>suscipien‘dis,</span> <span class='ocrx_word' id='word_1_97' title='bbox 631 1061 726 1104; x_wconf 92' lang='lat' dir='ltr'>sed</span> <span class='ocrx_word' id='word_1_98' title='bbox 772 1060 831 1102; x_wconf 92' lang='lat' dir='ltr'>in</span> <span class='ocrx_word' id='word_1_99' title='bbox 875 1059 1258 1114; x_wconf 89' lang='lat' dir='ltr'>providendis</span> <span class='ocrx_word' id='word_1_100' title='bbox 1303 1057 1446 1112; x_wconf 91' lang='lat' dir='ltr'>peri-</span> 
     </span>
     <span class='ocr_line' id='line_1_15' title="bbox 174 1124 1447 1181; baseline -0.004 -11"><span class='ocrx_word' id='word_1_101' title='bbox 174 1128 349 1180; x_wconf 83' lang='lat' dir='ltr'>culis3</span> <span class='ocrx_word' id='word_1_102' title='bbox 379 1127 503 1181; x_wconf 92' lang='lat' dir='ltr'>quod</span> <span class='ocrx_word' id='word_1_103' title='bbox 531 1127 750 1181; x_wconf 84' lang='lat' dir='ltr'>probavit</span> <span class='ocrx_word' id='word_1_104' title='bbox 778 1128 928 1168; x_wconf 89' lang='lat' dir='ltr'>morte</span> <span class='ocrx_word' id='word_1_105' title='bbox 956 1138 1138 1179; x_wconf 91' lang='lat' dir='ltr'>quoque</span> <span class='ocrx_word' id='word_1_106' title='bbox 1165 1124 1281 1178; x_wconf 89' lang='lat' dir='ltr'>ipsa,</span> <span class='ocrx_word' id='word_1_107' title='bbox 1305 1137 1447 1177; x_wconf 88' lang='lat' dir='ltr'>quam</span> 
     </span>
     <span class='ocr_line' id='line_1_16' title="bbox 174 1188 1504 1247; baseline -0.005 -12"><span class='ocrx_word' id='word_1_108' title='bbox 174 1193 574 1247; x_wconf 80' lang='lat' dir='ltr'>praestantissimo</span> <span class='ocrx_word' id='word_1_109' title='bbox 609 1191 821 1245; x_wconf 88' lang='lat' dir='ltr'>suscepit·</span> <span class='ocrx_word' id='word_1_110' title='bbox 845 1191 1014 1233; x_wconf 86' lang='lat' dir='ltr'>am&#39;mo.</span> <span class='ocrx_word' id='word_1_111' title='bbox 1086 1189 1262 1244; x_wconf 80' lang='lat' dir='ltr'>Quodsi</span> <span class='ocrx_word' id='word_1_112' title='bbox 1294 1188 1447 1231; x_wconf 80' lang='lat' dir='ltr'>defuit</span> <span class='ocrx_word' id='word_1_113' title='bbox 1461 1194 1504 1229; x_wconf 87' lang='grc'>18</span> 
     </span>
     <span class='ocr_line' id='line_1_17' title="bbox 174 1255 1448 1309; baseline -0.003 -10"><span class='ocrx_word' id='word_1_114' title='bbox 174 1258 249 1300; x_wconf 89' lang='lat' dir='ltr'>his</span> <span class='ocrx_word' id='word_1_115' title='bbox 269 1258 384 1299; x_wconf 87' lang='lat' dir='ltr'>viris</span> <span class='ocrx_word' id='word_1_116' title='bbox 413 1270 596 1299; x_wconf 89' lang='lat' dir='ltr'>summa</span> <span class='ocrx_word' id='word_1_117' title='bbox 614 1257 781 1307; x_wconf 82' lang='lat' dir='ltr'>virtus,</span> <span class='ocrx_word' id='word_1_118' title='bbox 801 1255 866 1298; x_wconf 90' lang='lat' dir='ltr'>sic</span> <span class='ocrx_word' id='word_1_119' title='bbox 896 1255 1240 1309; x_wconf 80' lang='lat' dir='ltr'>quaerentibus,</span> <span class='ocrx_word' id='word_1_120' title='bbox 1259 1268 1320 1296; x_wconf 90' lang='lat' dir='ltr'>an</span> <span class='ocrx_word' id='word_1_121' title='bbox 1349 1267 1448 1296; x_wconf 90' lang='lat' dir='ltr'>ora-</span> 
     </span>
     <span class='ocr_line' id='line_1_18' title="bbox 175 1318 1448 1376; baseline -0.004 -11"><span class='ocrx_word' id='word_1_122' title='bbox 175 1326 297 1365; x_wconf 86' lang='lat' dir='ltr'>tores</span> <span class='ocrx_word' id='word_1_123' title='bbox 313 1323 504 1374; x_wconf 84' lang='lat' dir='ltr'>fuerint,</span> <span class='ocrx_word' id='word_1_124' title='bbox 519 1321 819 1376; x_wconf 89' lang='lat' dir='ltr'>respondebo,</span> <span class='ocrx_word' id='word_1_125' title='bbox 835 1319 1066 1374; x_wconf 92' lang='lat' dir='ltr'>quomodo</span> <span class='ocrx_word' id='word_1_126' title='bbox 1082 1319 1238 1371; x_wconf 88' lang='lat' dir='ltr'>Stoici,</span> <span class='ocrx_word' id='word_1_127' title='bbox 1253 1318 1448 1361; x_wconf 74' lang='grc'>31111161·-</span> 
     </span>
     <span class='ocr_line' id='line_1_19' title="bbox 175 1384 1448 1441; baseline -0.002 -12"><span class='ocrx_word' id='word_1_128' title='bbox 175 1390 412 1441; x_wconf 76' lang='lat' dir='ltr'>rogentur,</span> <span class='ocrx_word' id='word_1_129' title='bbox 451 1401 511 1429; x_wconf 91' lang='lat' dir='ltr'>an</span> <span class='ocrx_word' id='word_1_130' title='bbox 559 1387 742 1441; x_wconf 89' lang='lat' dir='ltr'>sapiens</span> <span class='ocrx_word' id='word_1_131' title='bbox 789 1386 924 1437; x_wconf 88' lang='lat' dir='ltr'>Zeno,</span> <span class='ocrx_word' id='word_1_132' title='bbox 970 1399 1031 1427; x_wconf 91' lang='lat' dir='ltr'>an</span> <span class='ocrx_word' id='word_1_133' title='bbox 1079 1384 1341 1436; x_wconf 83' lang='lat' dir='ltr'>Cleanthes,</span> <span class='ocrx_word' id='word_1_134' title='bbox 1387 1398 1448 1426; x_wconf 88' lang='lat' dir='ltr'>an</span> 
     </span>
     <span class='ocr_line' id='line_1_20' title="bbox 177 1448 1449 1507; baseline -0.004 -12"><span class='ocrx_word' id='word_1_135' title='bbox 177 1453 484 1507; x_wconf 86' lang='lat' dir='ltr'>Chrysippus,</span> <span class='ocrx_word' id='word_1_136' title='bbox 503 1451 834 1506; x_wconf 76' lang='lat' dir='ltr'>respondeant:</span> <span class='ocrx_word' id='word_1_137' title='bbox 864 1463 1101 1503; x_wconf 86' lang='lat' dir='ltr'>magnos</span> <span class='ocrx_word' id='word_1_138' title='bbox 1130 1449 1359 1503; x_wconf 91' lang='lat' dir='ltr'>quidem</span> <span class='ocrx_word' id='word_1_139' title='bbox 1386 1448 1449 1490; x_wconf 93' lang='grc'>11-</span> 
     </span>
     <span class='ocr_line' id='line_1_21' title="bbox 175 1513 1449 1567; baseline -0.004 -8"><span class='ocrx_word' id='word_1_140' title='bbox 175 1517 262 1559; x_wconf 93' lang='lat' dir='ltr'>los</span> <span class='ocrx_word' id='word_1_141' title='bbox 300 1531 361 1559; x_wconf 90' lang='lat' dir='ltr'>ac</span> <span class='ocrx_word' id='word_1_142' title='bbox 400 1516 784 1567; x_wconf 87' lang='lat' dir='ltr'>venerabiles,</span> <span class='ocrx_word' id='word_1_143' title='bbox 820 1529 932 1557; x_wconf 91' lang='lat' dir='ltr'>non</span> <span class='ocrx_word' id='word_1_144' title='bbox 968 1517 1159 1556; x_wconf 90' lang='lat' dir='ltr'>tamen</span> <span class='ocrx_word' id='word_1_145' title='bbox 1196 1513 1267 1566; x_wconf 88' lang='lat' dir='ltr'>id,</span> <span class='ocrx_word' id='word_1_146' title='bbox 1300 1513 1449 1567; x_wconf 93' lang='lat' dir='ltr'>quod</span> 
     </span>
     <span class='ocr_line' id='line_1_22' title="bbox 177 1579 1449 1630; baseline -0.004 -6"><span class='ocrx_word' id='word_1_147' title='bbox 177 1585 389 1624; x_wconf 88' lang='lat' dir='ltr'>natura</span> <span class='ocrx_word' id='word_1_148' title='bbox 444 1581 699 1623; x_wconf 91' lang='lat' dir='ltr'>hominis</span> <span class='ocrx_word' id='word_1_149' title='bbox 758 1593 1037 1622; x_wconf 90' lang='lat' dir='ltr'>summum</span> <span class='ocrx_word' id='word_1_150' title='bbox 1093 1579 1282 1630; x_wconf 89' lang='lat' dir='ltr'>habet,</span> <span class='ocrx_word' id='word_1_151' title='bbox 1328 1592 1449 1620; x_wconf 91' lang='lat' dir='ltr'>con-</span> 
     </span>
     <span class='ocr_line' id='line_1_23' title="bbox 178 1643 1506 1699; baseline -0.005 -10"><span class='ocrx_word' id='word_1_152' title='bbox 178 1648 419 1689; x_wconf 88' lang='lat' dir='ltr'>secutos.</span> <span class='ocrx_word' id='word_1_153' title='bbox 477 1646 600 1688; x_wconf 88' lang='lat' dir='ltr'>Nam</span> <span class='ocrx_word' id='word_1_154' title='bbox 620 1647 665 1687; x_wconf 93' lang='grc'>61</span> <span class='ocrx_word' id='word_1_155' title='bbox 685 1645 980 1699; x_wconf 85' lang='lat' dir='ltr'>Pythagoras</span> <span class='ocrx_word' id='word_1_156' title='bbox 999 1657 1094 1685; x_wconf 91' lang='lat' dir='ltr'>non</span> <span class='ocrx_word' id='word_1_157' title='bbox 1114 1643 1369 1697; x_wconf 72' lang='lat' dir='ltr'>sapientem</span> <span class='ocrx_word' id='word_1_158' title='bbox 1389 1656 1450 1694; x_wconf 90' lang='lat' dir='ltr'>se,</span> <span class='ocrx_word' id='word_1_159' title='bbox 1463 1647 1506 1681; x_wconf 85' lang='lat'>19</span> 
     </span>
     <span class='ocr_line' id='line_1_24' title="bbox 177 1707 1451 1764; baseline -0.003 -11"><span class='ocrx_word' id='word_1_160' title='bbox 177 1713 232 1753; x_wconf 89' lang='lat' dir='ltr'>ut</span> <span class='ocrx_word' id='word_1_161' title='bbox 252 1711 334 1764; x_wconf 92' lang='lat' dir='ltr'>qui</span> <span class='ocrx_word' id='word_1_162' title='bbox 353 1713 461 1753; x_wconf 91' lang='lat' dir='ltr'>ante</span> <span class='ocrx_word' id='word_1_163' title='bbox 476 1724 584 1753; x_wconf 91' lang='lat' dir='ltr'>eum</span> <span class='ocrx_word' id='word_1_164' title='bbox 599 1710 806 1761; x_wconf 84' lang='lat' dir='ltr'>fuerunt,</span> <span class='ocrx_word' id='word_1_165' title='bbox 822 1709 901 1752; x_wconf 90' lang='lat' dir='ltr'>sed</span> <span class='ocrx_word' id='word_1_166' title='bbox 921 1708 1183 1751; x_wconf 89' lang='lat' dir='ltr'>studiosum</span> <span class='ocrx_word' id='word_1_167' title='bbox 1198 1707 1451 1762; x_wconf 88' lang='lat' dir='ltr'>sapientiae</span> 
     </span>
     <span class='ocr_line' id='line_1_25' title="bbox 178 1772 1451 1827; baseline -0.004 -9"><span class='ocrx_word' id='word_1_168' title='bbox 178 1775 338 1818; x_wconf 86' lang='lat' dir='ltr'>vocari</span> <span class='ocrx_word' id='word_1_169' title='bbox 357 1775 521 1818; x_wconf 87' lang='lat' dir='ltr'>voluit.</span> <span class='ocrx_word' id='word_1_170' title='bbox 580 1775 681 1827; x_wconf 87' lang='lat' dir='ltr'>Ego</span> <span class='ocrx_word' id='word_1_171' title='bbox 701 1776 859 1816; x_wconf 89' lang='lat' dir='ltr'>tamen</span> <span class='ocrx_word' id='word_1_172' title='bbox 879 1772 1135 1816; x_wconf 90' lang='lat' dir='ltr'>secundum</span> <span class='ocrx_word' id='word_1_173' title='bbox 1158 1786 1451 1815; x_wconf 90' lang='lat' dir='ltr'>communem</span> 
     </span>
     <span class='ocr_line' id='line_1_26' title="bbox 177 1837 1452 1894; baseline -0.003 -12"><span class='ocrx_word' id='word_1_174' title='bbox 177 1840 398 1894; x_wconf 89' lang='lat' dir='ltr'>loquendi</span> <span class='ocrx_word' id='word_1_175' title='bbox 446 1838 829 1882; x_wconf 87' lang='lat' dir='ltr'>consuetudinem</span> <span class='ocrx_word' id='word_1_176' title='bbox 876 1852 1009 1892; x_wconf 87' lang='lat' dir='ltr'>saepe</span> <span class='ocrx_word' id='word_1_177' title='bbox 1047 1837 1145 1879; x_wconf 86' lang='lat' dir='ltr'>dixi</span> <span class='ocrx_word' id='word_1_178' title='bbox 1193 1837 1452 1890; x_wconf 83' lang='lat' dir='ltr'>dicamque,</span> 
     </span>
     <span class='ocr_line' id='line_1_27' title="bbox 179 1902 1452 1959; baseline -0.003 -12"><span class='ocrx_word' id='word_1_179' title='bbox 179 1905 439 1959; x_wconf 82' lang='lat' dir='ltr'>perfectum</span> <span class='ocrx_word' id='word_1_180' title='bbox 460 1907 691 1947; x_wconf 89' lang='lat' dir='ltr'>oratorem</span> <span class='ocrx_word' id='word_1_181' title='bbox 711 1917 808 1946; x_wconf 89' lang='lat' dir='ltr'>esse</span> <span class='ocrx_word' id='word_1_182' title='bbox 828 1903 1112 1954; x_wconf 82' lang='lat' dir='ltr'>Ciceronem,</span> <span class='ocrx_word' id='word_1_183' title='bbox 1131 1904 1186 1944; x_wconf 88' lang='lat' dir='ltr'>ut</span> <span class='ocrx_word' id='word_1_184' title='bbox 1214 1902 1387 1944; x_wconf 87' lang='lat' dir='ltr'>amicos</span> <span class='ocrx_word' id='word_1_185' title='bbox 1406 1903 1452 1944; x_wconf 90' lang='lat' dir='ltr'>et</span> 
     </span>
     <span class='ocr_line' id='line_1_28' title="bbox 179 1963 1453 2023; baseline -0.003 -11"><span class='ocrx_word' id='word_1_186' title='bbox 179 1970 325 2012; x_wconf 89' lang='lat' dir='ltr'>bonos</span> <span class='ocrx_word' id='word_1_187' title='bbox 362 1970 489 2011; x_wconf 86' lang='lat' dir='ltr'>viros</span> <span class='ocrx_word' id='word_1_188' title='bbox 535 1963 581 2011; x_wconf 87' lang='lat' dir='ltr'>et</span> <span class='ocrx_word' id='word_1_189' title='bbox 628 1968 1014 2023; x_wconf 84' lang='lat' dir='ltr'>prudentissimos</span> <span class='ocrx_word' id='word_1_190' title='bbox 1061 1967 1258 2009; x_wconf 90' lang='lat' dir='ltr'>dicimus</span> <span class='ocrx_word' id='word_1_191' title='bbox 1295 1966 1453 2020; x_wconf 87' lang='lat' dir='ltr'>vulgo,</span> 
     </span>
     <span class='ocr_line' id='line_1_29' title="bbox 180 2029 1453 2088; baseline -0.002 -12"><span class='ocrx_word' id='word_1_192' title='bbox 180 2048 380 2088; x_wconf 89' lang='lat' dir='ltr'>quorum</span> <span class='ocrx_word' id='word_1_193' title='bbox 409 2033 529 2075; x_wconf 87' lang='lat' dir='ltr'>nihil</span> <span class='ocrx_word' id='word_1_194' title='bbox 562 2032 654 2075; x_wconf 90' lang='lat' dir='ltr'>nisi</span> <span class='ocrx_word' id='word_1_195' title='bbox 691 2032 894 2087; x_wconf 84' lang='lat' dir='ltr'>perfecte</span> <span class='ocrx_word' id='word_1_196' title='bbox 928 2031 1126 2086; x_wconf 88' lang='lat' dir='ltr'>sapienti</span> <span class='ocrx_word' id='word_1_197' title='bbox 1157 2031 1308 2075; x_wconf 86' lang='lat' dir='ltr'>datur.</span> <span class='ocrx_word' id='word_1_198' title='bbox 1364 2029 1453 2074; x_wconf 85' lang='lat' dir='ltr'>Sed</span> 
     </span>
     <span class='ocr_line' id='line_1_30' title="bbox 181 2096 1453 2152; baseline -0.002 -12"><span class='ocrx_word' id='word_1_199' title='bbox 181 2112 288 2141; x_wconf 93' lang='lat' dir='ltr'>cum</span> <span class='ocrx_word' id='word_1_200' title='bbox 316 2098 501 2152; x_wconf 89' lang='lat' dir='ltr'>proprie</span> <span class='ocrx_word' id='word_1_201' title='bbox 520 2099 566 2140; x_wconf 87' lang='lat' dir='ltr'>et</span> <span class='ocrx_word' id='word_1_202' title='bbox 585 2097 644 2140; x_wconf 92' lang='lat' dir='ltr'>ad</span> <span class='ocrx_word' id='word_1_203' title='bbox 674 2097 824 2151; x_wconf 84' lang='lat' dir='ltr'>legem</span> <span class='ocrx_word' id='word_1_204' title='bbox 851 2097 1002 2150; x_wconf 87' lang='lat' dir='ltr'>ipsam</span> <span class='ocrx_word' id='word_1_205' title='bbox 1022 2096 1235 2139; x_wconf 88' lang='lat' dir='ltr'>veritatis</span> <span class='ocrx_word' id='word_1_206' title='bbox 1264 2096 1453 2150; x_wconf 90' lang='lat' dir='ltr'>loquen-</span> 
     </span>
     <span class='ocr_line' id='line_1_31' title="bbox 181 2161 1453 2215; baseline -0.002 -10"><span class='ocrx_word' id='word_1_207' title='bbox 181 2163 295 2205; x_wconf 92' lang='lat' dir='ltr'>dum</span> <span class='ocrx_word' id='word_1_208' title='bbox 325 2164 427 2214; x_wconf 88' lang='lat' dir='ltr'>erit,</span> <span class='ocrx_word' id='word_1_209' title='bbox 457 2177 564 2205; x_wconf 91' lang='lat' dir='ltr'>eum</span> <span class='ocrx_word' id='word_1_210' title='bbox 595 2175 816 2215; x_wconf 89' lang='lat' dir='ltr'>quaeram</span> <span class='ocrx_word' id='word_1_211' title='bbox 846 2163 1090 2213; x_wconf 89' lang='lat' dir='ltr'>oratorem,</span> <span class='ocrx_word' id='word_1_212' title='bbox 1120 2175 1258 2215; x_wconf 91' lang='lat' dir='ltr'>quem</span> <span class='ocrx_word' id='word_1_213' title='bbox 1291 2163 1337 2204; x_wconf 89' lang='lat' dir='ltr'>et</span> <span class='ocrx_word' id='word_1_214' title='bbox 1373 2161 1453 2204; x_wconf 92' lang='grc'>1116</span> 
     </span>
     <span class='ocr_line' id='line_1_32' title="bbox 182 2226 1510 2281; baseline 0 -11"><span class='ocrx_word' id='word_1_215' title='bbox 182 2228 443 2280; x_wconf 83' lang='lat' dir='ltr'>quaerebat.</span> <span class='ocrx_word' id='word_1_216' title='bbox 515 2227 810 2281; x_wconf 80' lang='lat' dir='ltr'>Quamquam</span> <span class='ocrx_word' id='word_1_217' title='bbox 844 2226 968 2268; x_wconf 90' lang='lat' dir='ltr'>enim</span> <span class='ocrx_word' id='word_1_218' title='bbox 1001 2226 1182 2268; x_wconf 85' lang='lat' dir='ltr'>stetisse</span> <span class='ocrx_word' id='word_1_219' title='bbox 1215 2226 1371 2280; x_wconf 91' lang='lat' dir='ltr'>ipsum</span> <span class='ocrx_word' id='word_1_220' title='bbox 1402 2226 1510 2270; x_wconf 70' lang='lat' dir='ltr'>inm</span> 
     </span>
     <span class='ocr_line' id='line_1_33' title="bbox 183 2290 1454 2345; baseline 0 -13"><span class='ocrx_word' id='word_1_221' title='bbox 183 2292 376 2345; x_wconf 81' lang='lat' dir='ltr'>fastigio</span> <span class='ocrx_word' id='word_1_222' title='bbox 414 2292 578 2343; x_wconf 86' lang='lat' dir='ltr'>fateor,</span> <span class='ocrx_word' id='word_1_223' title='bbox 615 2305 667 2333; x_wconf 87' lang='lat' dir='ltr'>ac</span> <span class='ocrx_word' id='word_1_224' title='bbox 696 2291 792 2342; x_wconf 77' lang='lat' dir='ltr'>viX,</span> <span class='ocrx_word' id='word_1_225' title='bbox 829 2290 943 2343; x_wconf 88' lang='lat' dir='ltr'>quid</span> <span class='ocrx_word' id='word_1_226' title='bbox 980 2290 1102 2332; x_wconf 89' lang='lat' dir='ltr'>adici</span> <span class='ocrx_word' id='word_1_227' title='bbox 1139 2291 1358 2344; x_wconf 88' lang='lat' dir='ltr'>potuerit,</span> <span class='ocrx_word' id='word_1_228' title='bbox 1385 2290 1454 2332; x_wconf 88' lang='lat' dir='ltr'>in-</span> 
     </span>
     <span class='ocr_line' id='line_1_34' title="bbox 183 2354 1455 2408; baseline 0 -10"><span class='ocrx_word' id='word_1_229' title='bbox 183 2356 335 2408; x_wconf 87' lang='lat' dir='ltr'>venio,</span> <span class='ocrx_word' id='word_1_230' title='bbox 362 2356 559 2397; x_wconf 80' lang='lat' dir='ltr'>fortasse</span> <span class='ocrx_word' id='word_1_231' title='bbox 592 2355 887 2407; x_wconf 84' lang='lat' dir='ltr'>inventurus,</span> <span class='ocrx_word' id='word_1_232' title='bbox 914 2354 1039 2408; x_wconf 90' lang='lat' dir='ltr'>quod</span> <span class='ocrx_word' id='word_1_233' title='bbox 1069 2354 1222 2397; x_wconf 85' lang='lat' dir='ltr'>adhuc</span> <span class='ocrx_word' id='word_1_234' title='bbox 1252 2355 1455 2398; x_wconf 80' lang='lat' dir='ltr'>abscisu-</span> 
     </span>
    </p>
   </div>
  </div>
 </body>
</html>
