1696 2638
472 187 594 224 INST.
626 188 834 223 ORATOR.
866 188 949 231 XII,
981 189 1012 231 3,
1028 189 1070 230 4;
1095 189 1125 231 1,
1143 189 1173 224 1.
1403 188 1460 234 87

188 301 365 346 bamuS.
423 302 525 344 Iam
550 315 658 344 cum
685 301 932 355 eloquendi
959 301 1188 344 rationem
1207 300 1491 346 novissime3

190 369 419 422 repertam
446 367 833 421 paucissimisque
861 368 1137 421 temptatam
1166 366 1364 420 ingressi
1385 380 1458 408 su-

189 446 305 484 mus,
334 445 469 474 rarus
498 432 580 486 qui
617 433 716 490 tam
753 431 915 486 procul
953 445 981 474 a
1012 433 1152 486 portu
1185 431 1458 483 recessisset,

188 497 515 551 reperiebatur.
586 497 841 550 Postquam
878 510 990 538 vero
1026 496 1161 538 nobis
1198 495 1291 548 ille,
1318 510 1455 549 quem

188 561 561 613 instituebamus,
581 562 738 603 orator
765 575 794 603 a
821 561 1005 603 dicendi
1033 561 1273 614 magistris
1301 560 1457 603 dimis-

188 641 266 669 sus
285 629 368 668 aut
397 640 480 669 suo
513 626 609 668 iam
642 625 821 680 impetu
842 626 1007 678 fertur,
1040 622 1124 668 aut
1156 625 1334 668 maiora
1366 626 1457 668 sibi

188 691 365 733 auxilia
411 705 467 734 ex
512 691 625 746 ipsis
672 691 926 745 sapientiae
972 690 1290 745 penetralibus
1326 690 1457 745 petit,

187 770 328 810 quam
355 756 407 797 in
434 755 585 798 altum
622 755 769 798 simus
802 755 962 807 ablati,
1000 756 1170 798 sentire
1208 756 1454 810 coepimus.

188 821 326 863 Nunc
363 820 584 862 caelum
627 820 884 874 undique
927 822 982 863 et
1024 820 1282 874 undique
1329 827 1492 874 pon-4

186 887 292 928 tus.
367 886 530 929 Unum
567 885 704 927 modo
744 885 795 927 in
841 885 924 927 illa
970 885 1198 928 immensa
1236 885 1456 928 vastitate

187 964 371 992 cernere
407 950 623 992 videmur
660 951 721 994 M.
761 950 985 1006 Tullium,
1023 951 1105 1004 qui
1150 953 1308 1006 tamen
1344 950 1457 1005 ipse,

187 1015 404 1068 quamvis
422 1017 556 1057 tanta
575 1017 714 1069 atque
734 1015 802 1057 ita
823 1015 1054 1058 instructa
1072 1029 1193 1058 nave
1222 1015 1308 1058 hoc
1327 1029 1456 1058 mare

186 1079 436 1133 ingressus,
456 1080 691 1122 contrahit
710 1080 815 1122 vela
842 1080 1117 1134 inhibetque
1146 1095 1297 1124 remos
1325 1083 1372 1124 et
1399 1081 1456 1124 de

186 1143 286 1199 ipso
305 1144 494 1186 demum
525 1158 690 1198 genere
721 1144 917 1196 dicendi,
938 1159 1031 1198 quo
1062 1145 1123 1188 sit
1153 1159 1326 1188 usurus
1355 1160 1456 1200 per-

186 1208 337 1251 fectus
365 1211 535 1261 orator,
563 1209 676 1252 satis
709 1209 850 1252 habet
878 1210 1041 1253 dicere.
1098 1211 1166 1252 At
1199 1213 1359 1253 nostra
1391 1213 1455 1254 te-

185 1274 374 1316 meritas
394 1274 535 1316 etiam
554 1288 704 1317 mores
724 1274 765 1317 ei
785 1275 1032 1317 conabitur
1050 1275 1160 1318 dare
1175 1278 1220 1318 et
1240 1276 1454 1330 adsigna-

184 1338 256 1380 bit
275 1339 434 1382 officia.
493 1340 566 1381 Ita
585 1353 668 1381 nec
688 1339 1035 1382 antecedentem
1055 1340 1276 1394 consequi
1295 1354 1454 1394 possu-

183 1417 302 1455 mus,
321 1405 367 1446 et
394 1403 582 1457 longius
601 1404 807 1446 eundum
827 1406 909 1456 est,
928 1407 983 1446 ut
1002 1419 1075 1448 res
1095 1405 1225 1449 feret.
1283 1406 1454 1448 Proba-

183 1468 292 1510 bilis
310 1470 468 1511 tamen
488 1469 720 1523 cupiditas
748 1469 1051 1511 honestorum
1081 1472 1126 1512 et
1154 1470 1285 1513 velut
1313 1471 1454 1513 tutio-

183 1532 248 1575 ris
276 1533 521 1576 audentiae
540 1535 609 1576 est
630 1535 872 1588 temptare,
893 1534 1066 1588 quibus
1092 1535 1301 1590 paratior
1315 1536 1455 1579 venia

183 1598 264 1640 est.

689 1833 873 1873 CAPUT
907 1834 941 1873 1.

182 1945 284 1978 NON
311 1947 458 1979 Possm
489 1947 757 1979 ORATOREM
786 1948 899 1979 Essa·
938 1948 1037 1980 NISI
1065 1949 1231 1982 VIRUM
1263 1950 1451 1983 BONUM.

264 2042 298 2085 I.
330 2042 400 2085 Sit
430 2056 539 2096 ergo
569 2043 703 2085 nobis
736 2045 906 2096 orator,
939 2058 1078 2098 quem
1110 2045 1453 2098 constituimus,

182 2105 235 2158 is,
254 2106 336 2160 qui
355 2121 384 2149 a
403 2107 465 2150 M.
488 2107 664 2151 Catone
693 2108 870 2160 finitur,
890 2109 981 2150 vir
1008 2109 1192 2152 bonus
1220 2110 1453 2153 dicendi

182 2171 434 2225 peritus3
463 2186 643 2224 verum,
662 2172 711 2214 id
732 2173 856 2226 quod
885 2175 931 2215 et
950 2173 1030 2216 ille
1058 2175 1215 2233 posuit
1243 2175 1387 2229 prius,
1407 2176 1453 2218 et

183 2234 284 2288 ipsa
311 2239 482 2278 natura
511 2237 668 2290 potius
688 2251 740 2278 ac
774 2237 926 2279 maius
959 2240 1040 2290 est,
1059 2239 1223 2292 utique
1242 2240 1334 2281 vir
1366 2240 1453 2282 bo-

181 2313 311 2343 nus:
341 2301 387 2342 id
419 2315 513 2343 non
533 2315 585 2343 eo
616 2303 817 2353 tantum,
837 2302 974 2355 quod,
994 2303 1034 2345 si
1053 2303 1126 2345 vis
1156 2303 1239 2345 illa
1269 2303 1452 2346 dicendi

183 2364 414 2412 malitiam
443 2365 732 2421 instruxerit,
761 2366 882 2408 nihil
912 2366 973 2409 sit
1005 2367 1207 2426 publicis
1236 2368 1453 2426 privatis-
