1696 2638
477 199 597 234 INST.
630 197 838 233 ORATOR.
869 197 913 239 X,
945 198 976 239 1,
1006 196 1126 232 47-50.
1383 194 1440 241 37

170 316 320 370 putat,
338 314 406 356 ita
425 327 509 356 nos
528 313 616 355 rite
636 312 845 366 coepturi
865 312 924 353 ab
944 312 1191 353 Homero
1210 310 1439 416 videmur&

171 379 262 422 Hic
295 379 433 430 enim,
466 377 857 432 quemadmodum
890 390 945 418 ex
979 376 1162 419 Oceano
1195 374 1357 416 diciti

137 443 728 551 Qmffll'e
735 455 901 494 cursus
929 440 1121 482 initium
1152 436 1465 493 039010101114

170 509 312 561 nibus
339 499 885 567 eloffientiaQartibud
894 504 1196 559 ᾸοΨΡΙΠῌ1
1204 506 1250 546 01
1270 506 1439 556 ortum

170 572 308 615 dedit.
367 572 507 614 Hunc
527 576 662 613 nemo
690 571 740 612 in
759 570 943 623 magnis
971 570 1110 611 rebus
1138 568 1440 618 sublimitate,

170 638 220 679 in
252 637 411 692 parvis
447 636 729 690 proprietate
763 634 1064 689 superaverit.
1123 633 1252 675 Idem
1289 632 1440 674 laetus

170 715 223 744 ac
259 714 459 756 pressus,
488 700 721 742 iucundus
759 702 805 741 et
842 699 1014 752 gravis,
1042 700 1147 740 tum
1176 697 1309 752 copia
1335 699 1439 739 tum

169 766 399 808 brevitate
431 764 675 815 mirabilis,
707 778 791 806 nec
829 763 1008 818 poetica
1045 762 1196 813 modo,
1229 762 1309 804 sed
1341 775 1440 804 ora-

170 831 290 873 toria
316 830 492 872 virtute
521 828 926 872 eminentissimus.
984 828 1107 869 Nam
1126 830 1181 868 ut
1209 826 1265 869 de
1292 826 1440 868 laudi·
1451 833 1497 869 47

170 894 272 947 bus,
284 894 700 945 exhortationibus,
713 892 1107 935 consolationibus
1122 894 1314 943 taceam,
1328 905 1440 933 non-

170 974 228 1002 ne
247 960 322 1002 vel
341 973 492 1001 nonus
510 959 642 1010 liber,
661 972 753 1012 quo
773 957 914 999 missa
932 957 991 999 ad
1011 956 1246 999 Achillem
1269 956 1441 1010 legatio

171 1025 450 1075 continetur,
469 1023 543 1066 vel
564 1024 613 1064 in
632 1023 784 1077 primo
803 1019 927 1064 inter
946 1022 1085 1064 duces
1104 1021 1187 1063 illa
1206 1022 1441 1064 contentio

172 1089 246 1132 vel
272 1089 421 1131 dictae
440 1089 491 1130 in
511 1088 710 1130 secundo
740 1087 993 1129 sententiae
1023 1086 1174 1128 omnis
1202 1086 1360 1128 litium
1388 1100 1441 1128 ac

174 1154 472 1211 consiliorum
504 1152 738 1207 explicant
775 1154 934 1194 artes?
989 1151 1220 1193 Adfectus
1253 1151 1498 1205 quidem48

172 1219 247 1261 vel
275 1218 381 1260 illos
408 1218 545 1260 mites
565 1217 639 1259 vel
667 1217 752 1259 hos
780 1217 1035 1258 concitatos
1062 1230 1198 1258 nemo
1227 1216 1317 1258 erit
1344 1218 1442 1258 tam

169 1284 400 1336 indoctus,
419 1284 501 1338 qui
520 1298 614 1326 non
631 1283 682 1326 in
702 1297 787 1326 sua
809 1285 1036 1338 potestate
1059 1282 1185 1324 hunc
1204 1284 1442 1324 auctorem

171 1349 389 1391 habuisse
427 1350 644 1391 fateatur.
702 1350 806 1402 Age
834 1362 958 1399 ver0,
995 1361 1090 1390 non
1118 1348 1169 1389 in
1196 1347 1442 1400 utriusque

173 1414 324 1468 operis
343 1413 415 1456 sui
435 1413 647 1467 ingressu
666 1413 717 1455 in
746 1413 1041 1467 paucissimis
1061 1412 1273 1454 versibus
1291 1412 1443 1466 legem

172 1479 514 1533 prooemiorum
542 1492 635 1520 non
674 1478 776 1520 dico
806 1477 1026 1529 servavit,
1054 1477 1132 1519 sed
1164 1476 1444 1519 constituit?

173 1543 296 1586 Nam
324 1542 602 1585 benevolum
625 1543 886 1584 auditorem
914 1542 1209 1584 invocatione
1237 1542 1444 1593 dearum,

173 1622 289 1662 quas
308 1608 567 1662 praesidere
587 1608 776 1649 vatibus
796 1607 1025 1649 creditum
1045 1609 1128 1658 est,
1143 1609 1189 1649 et
1208 1607 1444 1648 intentum

173 1673 410 1727 proposita
437 1686 594 1714 rerum
622 1671 947 1725 magnitudine
973 1673 1029 1713 et
1047 1671 1242 1713 docilem
1262 1685 1446 1734 summa

0 1743 110 1786 μέι
105 1737 392 1779 Exceleritur
438 1750 709 1797 comprensa
754 1736 880 1779 facit.
952 1736 1154 1778 Narrare
1192 1749 1303 1778 vero
1340 1731 1446 1790 quis
1456 1741 1501 1775 49
1544 1752 1545 1755 ¹

173 1793 364 1844 brevius
383 1815 525 1855 quam
545 1801 626 1855 qui
655 1803 854 1843 mortem
881 1800 1072 1842 nuntiat
1101 1800 1320 1852 Patrocli,
1339 1801 1445 1855 quis

175 1866 516 1920 significantius
544 1867 695 1920 potest
724 1880 864 1919 quam
893 1865 974 1919 qui
1005 1865 1230 1908 Curetum
1259 1865 1446 1908 Aetolo·

175 1945 373 1984 rumque
410 1930 640 1984 proelium
670 1930 896 1983 exponit?
963 1930 1063 1971 Iam
1101 1929 1446 1981 similitudines,

176 1995 572 2049 amplificationes,
601 1994 825 2048 exempla,
854 1994 1102 2047 digressuS,
1126 1994 1261 2048 signa
1288 2007 1446 2036 rerum

176 2062 222 2102 et
251 2061 529 2114 argumenta
559 2062 801 2112 ceteraque
839 2072 1008 2112 genera
1037 2058 1266 2113 probandi
1296 2072 1349 2101 30
1379 2072 1447 2101 10-

178 2125 365 2167 futandi
392 2126 501 2166 sunt
531 2124 599 2165 ita
627 2123 792 2173 multa,
811 2125 866 2164 ut
895 2123 1038 2166 etiam
1068 2124 1149 2177 qui
1180 2123 1235 2166 de
1266 2123 1447 2166 artibus

178 2190 462 2244 scripserunt
491 2189 697 2243 plurima
714 2188 883 2230 harum
914 2202 1070 2230 rerum
1101 2188 1370 2230 testimonia
1388 2188 1447 2230 ab

177 2253 264 2297 hoc
301 2257 437 2309 poeta
472 2255 646 2308 petant.
703 2253 823 2296 Nam
867 2253 1078 2307 epilogus
1116 2253 1305 2306 quidem
1343 2253 1447 2307 quis
1459 2263 1503 2297 50

177 2332 402 2373 umquam
436 2319 606 2373 poterit
638 2318 733 2360 illis
767 2318 943 2360 Priami
976 2318 1186 2371 rogantis
1203 2317 1447 2360 rAchillem

178 2384 393 2438 precibus
424 2383 650 2438 aequari?
705 2382 865 2439 Quid?
906 2382 957 2424 in
989 2383 1159 2434 verbis,
1193 2383 1448 2433 sententiis,
