1696 2638
274 191 330 234 36
584 188 706 223 INST.
737 189 945 223 ORATOR.
975 189 1019 231 X,
1051 190 1081 230 1,
1111 190 1231 224 42-46.

273 301 313 343 si
341 300 445 354 quis
473 303 554 352 est,
574 301 698 342 intra
726 301 900 355 primos
929 302 1088 343 statim
1107 316 1269 344 versus
1289 302 1536 357 deprehen-

273 365 408 408 detur
436 367 482 406 et
510 365 648 406 citius
676 379 759 406 nos
788 365 1005 415 dimittet,
1025 380 1174 419 quam*
1193 369 1248 407 ut
1276 367 1374 409 eius
1402 367 1536 409 nobis

272 443 442 483 magno
474 429 696 483 temporis
730 429 1006 471 detrimento
1040 433 1217 472 constet
1254 431 1535 485 experimen-

215 496 385 536 42tum.
454 493 541 537 Sed
588 507 682 535 non
728 493 954 547 quidquid
1000 494 1058 535 ad
1105 494 1309 548 aliquam
1355 497 1536 549 partem

272 557 488 600 scientiae
518 557 732 612 pertinet,
761 557 974 611 protinus
1007 558 1063 600 ad
1104 559 1364 600 faciendam
1395 559 1535 601 etiam

271 622 476 675 phrasin,
496 622 551 664 de
570 635 662 675 qua
680 621 930 674 loquimur,
950 623 1359 666 accommodatum.

352 687 529 728 Verum
549 688 798 739 antequam
818 686 873 728 de
903 687 1100 740 singulis
1120 687 1296 740 loquar,
1315 702 1463 742 pauca
1484 688 1534 729 in

270 751 543 793 universum
571 751 626 793 de
646 750 871 792 varietate
900 750 1172 804 opinionum
1193 752 1386 794 dicenda
1412 755 1532 795 sunt.

213 817 257 851 43
271 815 393 857 Nam
412 816 601 868 quidam
622 815 741 857 solos
760 817 937 857 veteres
955 815 1173 869 legendos
1196 818 1366 870 putant
1385 830 1533 870 neque

270 879 319 921 in
338 880 448 922 ullis
468 880 571 922 aliis
592 894 686 922 esse
706 880 967 921 naturalem
987 880 1298 933 eloquentiam
1318 883 1363 922 et
1391 881 1534 922 robur

269 945 384 986 viris
417 945 613 998 dignum
643 945 945 996 arbitrantur,
976 944 1090 986 alios
1120 959 1276 987 recens
1305 945 1418 987 haec
1446 945 1533 988 las-

269 1009 392 1051 civia
411 1009 691 1062 deliciaeque
720 1011 765 1051 et
794 1009 951 1051 omnia
978 1009 1037 1050 ad
1056 1009 1346 1063 voluptatem
1375 1009 1532 1052 multi-

212 1073 446 1115 44tudinis
465 1074 708 1127 imperitae
737 1074 990 1128 composita
1019 1073 1260 1116 delectant.
1297 1053 1532 1138 (Ipsorum

268 1138 408 1180 etiam
428 1139 508 1191 qui
528 1140 707 1180 rectum
727 1138 911 1180 dicendi-
937 1152 1083 1191 genus
1103 1138 1232 1191 sequi
1251 1138 1431 1190 volunt,
1450 1138 1532 1181 alii

267 1215 424 1256 pressa
443 1202 630 1244 demum
650 1204 695 1244 et
714 1203 874 1244 tenuia
893 1205 939 1245 et
958 1217 1075 1256 quae
1095 1203 1344 1245 minimum
1364 1204 1423 1245 ab
1442 1218 1532 1246 usu

267 1267 499 1309 cotidiano
535 1267 764 1318 recedant,
795 1281 906 1309 sana
939 1270 984 1309 et
1016 1281 1122 1310 vere
1156 1268 1317 1310 Attica
1348 1271 1532 1322 putant,

267 1332 490 1385 quosdam
510 1332 673 1374 elatior
698 1332 873 1385 ingenii
894 1332 967 1374 vis
987 1334 1031 1374 et
1059 1333 1208 1386 magis
1237 1333 1467 1376 concitata
1485 1335 1531 1376 et

266 1395 403 1450 plena
431 1396 623 1449 spiritus
643 1396 790 1458 capit-3
819 1398 928 1438 sunt
948 1397 1088 1439 etiam
1116 1397 1233 1439 lenis
1253 1400 1298 1440 et
1326 1398 1466 1440 nitidi
1485 1400 1531 1441 et

266 1460 508 1514 compositi
539 1460 718 1513 generis
748 1474 841 1502 non
877 1461 1014 1514 pauci
1045 1464 1283 1504 amatores.
1341 1463 1409 1505 De
1438 1477 1531 1516 qua

266 1523 530 1571 differentia
566 1525 788 1567 disseram
817 1525 1088 1579 diligentius
1126 1540 1231 1568 cum
1271 1526 1326 1568 de
1363 1541 1529 1580 genere

265 1589 448 1631 dicendi
494 1590 808 1643 quaerendum
846 1590 945 1633 erit.
1017 1590 1211 1632 Interim
1245 1591 1530 1643 summatim,

264 1654 378 1707 quid
415 1656 460 1696 et
498 1668 525 1696 a
553 1668 645 1707 qua
681 1654 876 1697 lectione
913 1657 1067 1709 petere
1096 1655 1286 1709 possint,
1315 1655 1396 1708 qui
1425 1669 1529 1698 con—

264 1718 449 1760 firmare
506 1718 778 1760 facultatem
826 1719 1009 1761 dicendi
1055 1719 1226 1770 volent,
1274 1719 1527 1772 attingam:

206 1794 250 1828 45
263 1796 434 1837 paucos
467 1783 590 1824 enim
622 1776 751 1835 (sunt
788 1782 1159 1836 eminentissimi)
1201 1796 1440 1837 excerpere
1477 1783 1527 1825 in

263 1847 419 1889 animo
438 1849 531 1900 est3
560 1847 696 1889 facile
716 1849 784 1889 est
804 1850 961 1889 autem
981 1847 1212 1898 studiosis,
1231 1847 1312 1901 qui
1332 1847 1426 1889 sint
1453 1847 1528 1890 his

263 1911 505 1963 simillimi,
524 1912 754 1961 iudicare;
782 1925 839 1953 ne
868 1911 1115 1965 quisquam
1135 1913 1371 1965 queratur,
1391 1912 1527 1954 omis-

263 1989 336 2017 sos
364 1976 485 2017 forte
515 1975 708 2028 aliquos,
727 1989 842 2028 quos
869 1975 967 2029 ipse
996 1975 1131 2017 valde
1160 1975 1346 2029 probet3
1376 1975 1527 2018 fateor

262 2040 387 2082 enim
417 2040 565 2094 pluris
595 2040 812 2093 legendos
842 2053 936 2082 esse
956 2054 1097 2093 quam
1127 2039 1207 2093 qui
1237 2054 1265 2081 a
1283 2053 1356 2082 me
1381 2040 1527 2082 nomi-

262 2100 532 2210 Dabunturij

343 2169 433 2212 Sed·
467 2184 498 2210 n
534 2183 591 2211 nc
629 2182 797 2222 genera
824 2168 925 2223 ipsa
960 2168 1225 2219 lectionum,
1253 2182 1370 2222 quae
1398 2182 1526 2223 prae-

261 2234 395 2288 cipue
424 2234 668 2276 convenire
696 2233 1059 2285 intendentibus,
1076 2235 1130 2274 ut
1163 2235 1365 2275 oratores
1398 2233 1526 2286 fiant,

261 2299 535 2350 existimem,
553 2312 812 2352 persequar.

203 2378 248 2413 4ss
343 2363 510 2416 Igitur,
546 2365 600 2404 ut
638 2364 815 2404 Aratus
853 2362 921 2403 ab
959 2362 1092 2405 Iove
1125 2361 1524 2418 incipiendum
