1696 2638
458 135 579 171 INST.
611 136 819 172 ORATOR.
850 136 934 179 XII,
962 137 1014 180 10,
1045 138 1166 174 29-33.
1358 140 1440 183 131

172 247 343 292 litteris
361 249 640 301 scribantur,
658 250 853 292 surdum
872 249 1096 304 quiddam
1115 252 1161 293 et
1188 251 1443 295 barbarum

172 313 387 366 efficient,
408 315 454 356 et
474 313 604 356 velut
623 314 674 356 in
701 314 857 357 loc-um
875 328 1036 357 earum
1056 315 1310 358 succedunt
1337 317 1442 359 tris-

171 379 240 420 tes
273 380 319 420 et
355 378 584 430 horridae,
612 379 782 432 quibus
816 379 1015 423 Graecia
1047 381 1183 422 caret.
1241 380 1364 423 Nam
1396 383 1442 424 et
1454 390 1498 424 29

170 442 268 494 illa,
286 456 405 496 quae
423 445 492 485 est
512 447 641 485 sexta
659 446 940 495 nostrarum,
958 457 1103 498 paene
1122 458 1216 486 non
1235 444 1443 488 humana

170 521 283 550 voce
303 507 378 550 vel
399 508 589 550 omnino
608 522 702 550 non
721 522 834 550 voce
853 509 1010 563 potius
1029 509 1153 551 inter
1172 509 1443 552 discrimina

170 571 381 614 dentium
410 572 607 614 efflanda
634 574 728 626 est;
756 587 889 626 quae,
917 573 1060 618 etiam
1099 587 1206 616 011111
1234 574 1442 617 vocalem

170 637 383 690 proxima
428 637 612 691 accipit,
658 651 827 691 quassa
877 638 1232 691 quodammodo,
1278 639 1442 693 utique

170 700 384 754 quotiens
421 701 629 755 aliquam
666 702 1023 744 consonantium
1070 703 1263 756 frangit,
1299 705 1355 745 ut
1391 703 1442 745 in

168 764 256 807 hoc
275 766 376 820 ipso
395 767 408 785 ‘
422 766 629 820 frangit‚'
658 766 810 809 multo
840 767 893 809 fit
920 767 1167 810 horridior.
1224 768 1442 811 Aeolicae

169 843 351 884 quoque
391 830 588 882 litterae,
618 824 712 885 qua
742 832 755 850 ‘
768 845 956 874 servum
986 834 1293 886 cervumque'
1330 833 1442 876 dici-

168 908 288 947 mus,
325 895 509 938 etiamsi
544 896 697 938 forma
735 910 764 938 a
795 897 932 939 nobis
970 897 1218 951 repudiata
1249 900 1332 950 est,
1368 898 1442 941 vis

168 961 326 1002 tamen
346 974 430 1002 nos
450 961 552 1014 ipsa
580 961 886 1015 persequitur.
945 963 1099 1004 Duras
1127 963 1174 1004 et
1201 961 1286 1004 illa
1304 962 1442 1017 sylla·
1454 960 1498 1007 30

169 1024 251 1067 bas
270 1025 400 1077 facit,
419 1039 537 1079 quae
557 1026 616 1068 ad
636 1026 983 1080 coniungendas
1003 1027 1192 1070 demum
1212 1027 1443 1070 subiectas

169 1090 260 1133 sibi
307 1090 489 1132 vocales
537 1093 607 1133 est
662 1091 808 1143 utilis,
863 1091 980 1134 alias
1035 1105 1339 1146 supervacua,
1388 1095 1443 1134 ut

167 1155 181 1174 ‘
195 1168 336 1208 equos
350 1155 363 1173 '
381 1154 471 1197 hac
503 1157 549 1197 et
577 1156 590 1174 ‘
608 1157 832 1209 aequum'
862 1156 1134 1209 scribimus3
1164 1170 1271 1198 cum
1301 1157 1443 1198 etiam

168 1219 295 1274 ipsae
331 1219 420 1262 hae
458 1220 642 1263 vocales
681 1220 800 1263 duae
838 1221 1040 1263 efficiant
1077 1235 1257 1273 sonum,
1290 1221 1443 1274 qualis

168 1284 294 1339 apud
323 1284 525 1328 Graecos
554 1285 713 1328 nullus
744 1287 827 1337 est,
855 1285 1050 1340 ideoque
1078 1285 1221 1328 scribi
1253 1285 1444 1328 illorum

167 1348 339 1392 litteris
377 1364 472 1392 11011
510 1352 675 1405 potest.
734 1343 895 1405 Quid?
941 1351 1065 1405 quod
1102 1351 1322 1405 pleraque
1358 1365 1443 1394 nos
1455 1357 1497 1391 31

168 1414 252 1457 1113
277 1415 412 1468 (111331
443 1415 686 1469 mugiente
707 1430 755 1457 m
784 1415 944 1458 littera
966 1415 1213 1467 cludimus,
1231 1416 1282 1457 in
1302 1430 1443 1470 quam

168 1478 354 1531 nullum
388 1479 564 1523 Graece
598 1480 795 1522 verbum
826 1480 972 1523 cadit:
1002 1482 1052 1522 31
1082 1480 1154 1522 1111
1184 1494 1251 1534 ny
1279 1480 1444 1523 iucun-

168 1543 278 1586 dam
305 1546 351 1586 01
379 1544 432 1586 111
459 1545 550 1587 fine
578 1545 825 1599 praecipue
852 1545 987 1598 quasi
1015 1545 1295 1587 tinnientem
1313 1545 1443 1588 illius

168 1608 270 1651 1000
288 1611 483 1663 ponunt,
502 1623 619 1663 quae
639 1611 708 1652 est
727 1609 852 1664 apud
879 1623 965 1652 nos
983 1609 1222 1652 rarissima
1240 1609 1292 1651 in
1320 1609 1444 1652 clau-

169 1673 297 1716 sulis.
354 1673 478 1728 Quid
496 1676 514 1716 ?
542 1674 666 1728 quod
686 1673 892 1728 syllabae
911 1676 1097 1716 nostrae
1115 1674 1167 1715 in
1185 1674 1216 1716 b
1234 1673 1443 1717 litteram
1456 1681 1500 1715 32

170 1740 217 1780 et
235 1737 266 1780 d
284 1738 556 1780 innituntur
575 1739 689 1781 adeo
709 1753 881 1793 aspere,
900 1741 954 1781 ut
982 1738 1192 1793 plerique
1210 1753 1306 1781 non
1325 1740 1444 1782 anti-

171 1802 503 1856 quissimorum
523 1803 725 1856 quidem,
745 1803 824 1846 sed
852 1806 1010 1846 tamen
1029 1805 1240 1846 veterum
1259 1803 1443 1848 mollire

170 1867 505 1921 temptaverint
538 1882 632 1910 non
653 1868 805 1910 solum
824 1869 1037 1911 ‘aversa’
1066 1882 1151 1923 pro
1181 1869 1194 1888 ‘
1209 1869 1444 1912 abversis'

172 1931 383 1984 dicendo,
410 1932 490 1975 sed
518 1934 564 1975 et
591 1933 642 1974 in
670 1933 1012 1988 praepositione
1044 1933 1076 1976 b
1100 1933 1286 1976 litterae
1313 1934 1443 1977 abso-

170 2011 282 2039 nam
319 1999 364 2040 et
400 1997 551 2052 ipsam
580 2012 601 2040 s
631 1998 913 2042 subiciendo.
972 1999 1060 2042 Sed
1089 2001 1306 2042 accentus
1333 2013 1499 2053 quo-33

171 2075 273 2115 que,
292 2075 400 2104 cum
431 2062 585 2116 rigore
617 2063 833 2116 quodam,
860 2065 963 2106 tum
992 2063 1300 2107 similitudine
1327 2064 1444 2119 ipsa,

171 2125 327 2169 minus
358 2141 523 2169 suaves
552 2127 792 2179 habemus,
811 2128 924 2182 quia
952 2128 1123 2171 ultima
1149 2129 1330 2184 syllaba
1359 2143 1444 2172 nec

171 2193 310 2233 acuta
327 2205 551 2245 umquam
571 2193 802 2234 excitatur
821 2207 904 2235 nec
924 2193 1043 2236 flexa
1062 2194 1444 2246 circumducitur,

172 2254 252 2297 sed
296 2255 347 2297 in
393 2270 586 2309 gravem
621 2256 698 2298 vel
726 2256 842 2299 duas
883 2271 1050 2311 graves
1076 2257 1214 2300 *cadit
1251 2271 1441 2312 semper.

173 2319 338 2374 Itaque
355 2322 489 2362 tanto
509 2322 578 2362 est
598 2334 748 2363 sermo
763 2321 971 2365 Graecus
992 2322 1163 2364 Latino
1181 2322 1442 2371 iucundior,
