1696 2638
446 168 569 204 ms'r.
600 149 884 209 ORATORJX,
916 167 946 208 1,
979 165 1098 200 18-22.
1354 166 1408 208 31

139 283 319 336 decora,
355 282 610 334 commoda,
646 283 702 323 ut
739 280 935 334 quisque
970 279 1102 322 locus
1138 277 1411 333 postulabit,

140 347 491 404 pronuntiandi,
521 347 597 389 vel
625 346 948 401 potentissima
975 344 1027 387 in
1054 343 1262 395 dicendo,
1290 342 1410 384 ratio

140 416 199 466 et,
226 416 282 455 ut
319 412 458 455 semel
496 412 662 463 dicam,
691 411 867 465 pariter
904 409 1062 452 omnia
1099 408 1277 451 docent.
1354 408 1411 450 In

139 478 336 520 lectione
355 477 526 520 certius
545 476 787 527 iudicium,
802 475 926 528 quod
946 473 1156 516 audienti
1176 473 1415 526 frequent-

140 557 189 586 er
226 545 310 584 aut
347 556 460 585 suus
497 541 664 595 cuique
702 541 839 583 favor
877 542 960 582 aut
997 539 1077 581 ille
1113 537 1412 580 laudantium

140 607 316 650 clamor
344 609 599 661 extorquet.
657 605 809 648 Pudet
831 605 963 647 enim
986 603 1243 654 dissentire,
1262 604 1308 645 et
1336 616 1412 644 ve·
1426 610 1468 645 18

139 672 213 714 lut
258 672 404 715 tacita
440 671 644 726 quadam
681 670 962 713 verecundia
999 668 1268 710 inhibemur
1305 666 1412 721 plus

139 737 275 779 nobis
312 736 509 788 credere,
539 750 647 778 cum
684 735 874 777 interim
907 736 953 776 et
990 733 1161 775 vitiosa
1196 731 1413 786 pluribus

140 801 339 856 placent,
369 803 415 843 et
452 815 481 843 a
518 799 783 854 conrogatis
819 798 1076 840 laudantur
1115 796 1257 839 etiam
1294 809 1413 849 quae

140 880 235 908 non
262 865 459 920 placent.
518 865 606 908 Sed
634 879 658 907 e
687 863 921 906 contrario
945 876 1127 916 quoque
1157 860 1340 912 accidit,
1357 861 1413 901 ut
1426 866 1469 901 19

141 931 315 986 optime
334 931 472 974 dictis
491 930 694 985 gratiam
721 942 869 984 prava
887 927 1062 970 iudicia
1080 940 1175 968 non
1194 926 1411 968 refe-rant.

142 996 301 1039 Lectio
330 995 480 1038 libera
509 997 578 1038 est
607 1008 690 1037 nec
721 996 776 1035 ut
806 992 1002 1035 actionis
1032 992 1235 1045 impetus
1265 992 1414 1032 trans-

141 1061 290 1103 currit
302 1077 313 1114 ;
356 1060 436 1103 sed
473 1062 678 1115 repetere
717 1058 900 1112 saepius
936 1057 1060 1108 licet,
1093 1056 1191 1098 sive
1229 1054 1414 1096 dubites

141 1127 240 1169 sive
258 1126 509 1168 memoriae
537 1125 738 1178 adfigere
758 1123 885 1166 velis.
943 1123 1227 1176 Repetamus
1256 1121 1414 1161 autem

141 1193 188 1234 et
214 1193 483 1242 tractemus,
503 1192 549 1233 et
575 1192 631 1231 ut
659 1189 786 1231 cibos
805 1200 992 1229 mansos
1019 1200 1074 1228 ac
1102 1198 1245 1240 prope
1271 1184 1415 1238 lique-

142 1257 291 1299 factos
331 1257 636 1307 demittimus,
665 1269 758 1309 quo
796 1254 984 1296 facilius
1021 1252 1311 1306 digerantur,
1347 1249 1416 1291 ita

140 1320 279 1364 lectio
306 1336 402 1364 non
429 1321 587 1373 cruda,
607 1320 686 1363 sed
714 1319 866 1362 multa
893 1319 1139 1361 iteratione
1167 1316 1351 1358 mollita
1369 1316 1415 1357 et

141 1385 274 1429 velut
292 1386 505 1429 confecta
523 1385 773 1428 memoriae
792 1383 1138 1437 imitationique
1158 1381 1386 1424 tradatur.

223 1453 295 1494 Ac
332 1451 415 1494 diu
453 1451 641 1493 nonnisi
670 1450 875 1504 optimus
903 1448 1099 1502 quisque
1128 1450 1174 1490 et
1202 1446 1284 1500 qui
1323 1446 1473 1488 cre-20

142 1516 328 1559 dentem
356 1516 447 1559 sibi
474 1516 667 1558 minime
696 1515 834 1557 fallat
861 1514 1085 1567 legendus
1105 1515 1186 1563 est,
1207 1512 1285 1554 sed
1313 1511 1417 1553 dili-

143 1583 305 1635 genter
324 1595 378 1623 ac
400 1594 545 1635 paene
565 1580 624 1622 ad
653 1579 886 1622 scribendi
916 1577 1304 1629 sollicitudinem3
1332 1589 1416 1618 nec

142 1660 225 1700 per
252 1648 407 1700 partes
434 1645 572 1687 modo
602 1643 854 1687 scrutanda
882 1643 1052 1694 omnia,
1079 1642 1157 1684 sed
1185 1641 1417 1696 perlectus

142 1710 262 1753 liber
297 1711 461 1783 utique
498 1723 555 1752 ex
591 1709 776 1762 integro
812 1707 1131 1758 resumendus,
1168 1704 1417 1760 praecipue

144 1775 307 1827 oratio,
326 1775 460 1817 cuius
478 1774 679 1817 virtutes
699 1774 966 1827 frequenter
985 1786 1042 1814 ex
1060 1771 1292 1813 industria
1307 1785 1418 1824 quo-

144 1854 234 1894 que
261 1839 570 1883 occultantur.
628 1839 771 1892 Saepe
797 1838 922 1880 enim
949 1838 1209 1891 praeparat,
1238 1835 1418 1877 dissim-
1430 1835 1472 1869 21

144 1905 261 1957 ulat,
296 1904 548 1947 insidiatur
595 1906 765 1955 orator,
803 1916 946 1956 eaque
992 1902 1042 1943 in
1088 1901 1241 1955 prima
1286 1902 1418 1954 parte

146 1970 342 2013 actionis
379 1970 507 2021 dicit,
540 1983 658 2023 quae
696 1970 807 2010 sunt
843 1967 894 2008 in
932 1980 1116 2009 summa
1152 1965 1416 2020 profutura.

147 2034 311 2088 Itaque
357 2048 442 2077 suo
486 2033 589 2076 loco
635 2033 792 2075 minus
837 2031 1037 2087 placent,
1083 2030 1236 2072 adhuc
1283 2029 1418 2071 nobis

147 2112 290 2152 quare
309 2098 435 2141 dicta
454 2098 548 2140 sint
575 2096 918 2152 ignorantibus,
936 2096 1130 2149 ideoque
1149 2096 1287 2137 erunt
1315 2108 1419 2147 cog-

146 2163 260 2205 nitis
279 2163 497 2205 omnibus
516 2163 776 2217 repetenda.
834 2161 960 2204 Illud
975 2175 1085 2203 vero
1100 2160 1420 2211 utilissimum,
1431 2159 1475 2193 22

147 2241 282 2270 nosse
327 2241 404 2271 eas
433 2242 610 2279 causas,
638 2241 838 2281 quarum
885 2226 1117 2268 orationes
1164 2225 1215 2266 in
1252 2238 1420 2266 manus

149 2293 497 2346 sumpserimus,
541 2295 586 2335 et
632 2292 846 2345 quotiens
893 2292 1147 2344 continget,
1183 2290 1420 2342 utrimque

148 2355 336 2399 habitas
373 2356 526 2411 legere
558 2357 786 2400 actiones:
819 2358 873 2398 ut
913 2355 1240 2398 Demosthenis
1282 2357 1421 2407 atque
