1696 2638
519 185 642 216 mss.
674 182 884 216 ORATOR.
915 180 960 224 X,
990 182 1022 224 3,
1053 182 1150 217 8-12.
1395 184 1450 225 63

176 299 268 349 tur,
282 295 492 352 placent3
521 295 696 349 alioqui
710 309 794 338 nec
814 282 1138 338 scriberentur.
1188 294 1276 338 Sed
1295 294 1451 337 redea-

110 385 113 388 ·
176 376 281 404 mus
300 361 606 412 adjudicium
626 362 671 402 et
691 362 997 402 retractemus
1017 362 1280 414 suspectam
1303 359 1451 402 facili-

175 429 333 469 tatem.
390 425 465 469 Sic
503 425 740 479 scripsisse
778 425 1055 467 Sallustium
1091 424 1368 478 accepimus,
1404 426 1484 466 et8

177 505 286 534 sane
318 491 596 533 manifestus
630 492 699 532 es't
736 489 879 531 etiam
912 503 969 532 ex
1002 503 1138 543 opere
1170 489 1272 543 ipso
1305 489 1448 533 labor.

176 556 442 610 Vergilium
471 568 654 609 quoque
691 554 997 608 paucissimos
1030 554 1105 597 die
1138 554 1451 608 composuisse

176 623 339 664 versus
362 623 524 663 auctor
549 622 619 662 est
649 619 836 662 Varius.
895 619 1107 662 Oratoris
1121 619 1327 673 ‘quidem
1357 618 1451 660 alia

177 686 385 729 condicio
418 687 512 738 est;
539 685 698 738 itaque
730 684 852 726 hanc
886 697 1066 726 moram
1097 685 1144 726 et
1177 683 1484 726 sollicitudi-9

175 765 283 794 nem
301 751 451 793 initiis
473 750 662 804 impero.
720 749 843 791 Nam
872 749 1079 803 primum
1107 748 1197 791 hoc
1227 748 1451 791 constitu-

177 816 362 867 endum,
398 815 486 857 hoc
525 814 829 857 obtinendum
866 816 950 865 est,
987 815 1042 855 ut
1087 826 1229 867 quam
1276 813 1451 867 optime

177 881 458 932 scribamus3
487 879 771 922 celeritatem
786 879 917 921 dabit
937 879 1234 921 consuetudo.
1284 878 1451 920 Paula-

176 947 265 988 tim
282 959 357 988 res
376 945 563 987 facilius
585 958 631 987 se
651 944 908 995 ostendent,
927 943 1072 986 verba
1091 943 1451 998 respondebunt,

177 1011 450 1065 compositio
470 1012 701 1063 sequetur,
721 1011 889 1051 cuncta
908 1008 1106 1062 denique
1125 1011 1180 1050 ut
1198 1008 1249 1050 in
1268 1008 1452 1050 familia

176 1076 293 1118 bene
319 1075 540 1117 instituta
569 1075 620 1116 in
638 1074 787 1116 officio
807 1075 956 1116 erunt.
1015 1073 1208 1116 Summa
1237 1073 1351 1115 haec
1382 1075 1452 1115 est
1466 1082 1508 1116 10

177 1141 268 1184 rei:
308 1141 401 1183 cito
438 1139 682 1182 scribendo
722 1152 817 1180 non
858 1138 933 1189 fit,
962 1140 1018 1180 ut
1054 1138 1171 1180 bene
1202 1138 1452 1189 scribatur,

177 1206 293 1248 bene
313 1204 554 1247 scribendo
574 1204 641 1255 fit,
655 1205 710 1245 ut
729 1203 832 1245 cito.
883 1203 971 1246 Sed
990 1205 1093 1244 tum
1112 1202 1329 1254 maxime,
1345 1216 1452 1244 cum

178 1270 379 1313 facultas
411 1269 495 1311 illa
527 1268 790 1322 contigerit,
823 1268 1096 1310 resistamus
1129 1270 1175 1310 et
1208 1267 1450 1321 providea-

178 1349 283 1378 mus
303 1337 348 1377 et
378 1333 572 1376 ferentis
592 1347 734 1387 equos
763 1333 909 1375 frenis
938 1332 1221 1386 quibusdam
1250 1345 1465 1374 coercea-.

178 1414 308 1450 mus;
340 1399 464 1453 quod
493 1412 588 1440 non
618 1400 717 1439 tam
747 1411 928 1439 moram
959 1397 1100 1439 faciet
1133 1411 1275 1450 quam
1305 1410 1453 1438 novos

178 1466 381 1520 impetus
395 1464 538 1506 dabit.
596 1463 757 1516 Neque
777 1463 902 1504 enim
920 1476 1083 1504 rursus
1103 1476 1193 1513 eos,
1213 1463 1295 1515 qui
1310 1462 1454 1503 robur

180 1529 368 1584 aliquod
413 1529 464 1570 in
501 1527 610 1570 stilo
656 1527 866 1578 fecerint,
902 1527 963 1569 ad
1008 1527 1244 1569 infelicem
1282 1526 1454 1568 calum-

179 1595 341 1637 niandi
355 1608 403 1637 se
416 1607 614 1648 poenam
628 1592 903 1645 adligandos
918 1595 1044 1646 puto.
1086 1592 1209 1634 Nam
1223 1591 1454 1645 quomodo
1467 1600 1508 1634 11

181 1660 386 1702 sufficere
434 1657 596 1700 officiis
644 1656 863 1700 civilibus
911 1657 1072 1711 possit,
1120 1657 1202 1710 qui
1250 1656 1450 1710 singulis

180 1725 417 1767 actionum
436 1723 650 1777 partibus
675 1722 934 1764 insenescat
952 1723 971 1764 Ρ
1026 1722 1146 1765 Sunt
1176 1723 1334 1764 autem
1354 1721 1455 1775 qui-

180 1790 268 1832 bus
298 1788 419 1831 nihil
449 1789 510 1830 sit
541 1787 678 1839 satis;
717 1786 875 1829 omnia
903 1788 1100 1838 mutare,
1131 1786 1288 1828 omnia
1317 1786 1455 1828 aliter

181 1854 346 1905 dicere,
375 1867 517 1907 quam
547 1851 762 1903 occurrit,
792 1851 966 1904 velint3
1005 1851 1234 1893 increduli
1264 1851 1455 1905 quidam

181 1921 227 1961 et
246 1919 302 1961 de
321 1917 509 1971 ingenio
529 1930 613 1958 suo
640 1916 837 1970 pessime
862 1916 1032 1966 meriti,
1052 1916 1133 1969 qui
1162 1915 1454 1969 diligentiam

181 1984 351 2037 putant
388 1982 540 2023 facere
569 1981 659 2022 sibi
690 1980 922 2022 scribendi
952 1980 1286 2023 difficultatem.
1358 1980 1454 2022 Nec
1469 1990 1510 2024 12

181 2049 451 2101 promptum
473 2048 542 2088 est
573 2045 737 2096 dicere,
757 2047 888 2086 utros
919 2058 1107 2099 peccare
1137 2045 1342 2087 validius
1372 2059 1455 2099 pu-

182 2114 290 2163 tem,
313 2111 483 2165 quibus
514 2110 670 2152 omnia
701 2124 786 2152 sua
815 2109 1000 2164 placent
1030 2124 1091 2152 an
1121 2110 1291 2164 quibus
1321 2109 1454 2152 1111111.

184 2176 370 2219 Accidit
418 2175 542 2218 enim
590 2175 732 2217 etiam
779 2174 1033 2228 ingeniosis
1081 2175 1456 2218 adulescentibus

183 2242 464 2294 frequenter,
477 2243 532 2282 ut
550 2240 708 2282 labore
728 2242 1063 2281 consumantur
1081 2242 1127 2282 et
1146 2241 1196 2282 in
1217 2240 1456 2282 silentium

183 2319 330 2359 usque
348 2305 628 2347 descendant
658 2304 805 2345 nimia
822 2303 940 2346 bene
970 2304 1154 2347 dicendi
1185 2305 1454 2359 cupiditate.

185 2370 290 2425 Qua
307 2370 364 2413 de
387 2384 438 2412 re
467 2370 659 2412 memini
689 2383 902 2412 narrasse
931 2370 1050 2411 mihi
1082 2370 1258 2412 Iulium
1289 2370 1457 2414 Secun-
