1696 2638
270 205 327 247 42
583 202 704 238 INST.
736 203 943 238 ORATOR.
975 203 1018 245 X,
1051 205 1080 245 1,
1113 204 1230 240 71-74.

271 314 422 367 magis
452 316 607 356 orator
636 315 824 368 probari
854 315 905 356 in
935 329 1069 368 opere
1101 329 1183 357 suo
1213 315 1414 368 videtur,
1443 317 1533 359 nisi

271 379 391 420 forte
428 380 511 419 aut
547 378 631 420 illa
667 378 792 421 mala
823 379 1011 430 iudicia,
1044 393 1161 432 quae
1196 380 1533 434 Epitrepontes,

272 442 522 496 EpiclerOS,
561 443 732 484 Locroe
773 443 959 494 habent,
997 446 1078 484 aut
1115 443 1438 486 meditationes
1484 445 1534 486 in

273 506 551 561 Psophodee,
571 507 862 559 Nomothete,
883 507 1251 561 Hypobolimaeo
1274 522 1367 550 non
1390 509 1534 550 omni-

217 582 255 615 71
271 572 358 614 bus
395 571 610 614 oratoriis
642 572 848 613 numeris
883 574 992 614 sunt
1029 572 1278 615 absolutae.
1336 573 1436 625 Ego
1467 575 1534 614 ta-

270 650 376 678 men
413 636 519 691 plus
551 635 702 677 adhuc
736 636 958 689 quiddam
991 636 1285 679 conlaturum
1322 651 1428 679 eum
1461 638 1534 679 de-

270 700 600 743 clamatoribus
632 705 760 754 puto,
793 701 1013 753 quoniam
1045 701 1119 742 his
1152 714 1331 743 necesse
1368 703 1437 743 est
1470 715 1534 743 se-

270 765 475 807 cundum
532 765 848 807 condicionem
899 765 1321 807 controversiarum
1377 765 1534 820 plures

270 831 425 872 subire
443 844 682 884 personas:
712 832 914 884 patrum,
930 830 1147 881 filiorum,
1161 830 1381 882 militum,
1396 831 1533 872 rusti-

270 908 443 946 corum,
481 895 698 946 divitum,
735 908 1006 948 pauperum,
1035 894 1349 946 irascentium,
1377 895 1533 949 depre-

269 959 491 1010 cantium,
507 959 708 1010 mitium,
724 973 1003 1012 asperorum.
1053 959 1109 1000 In
1128 959 1298 1012 quibus
1317 960 1533 1002 omnibus

215 1035 256 1069 72
269 1024 386 1065 mire
405 1023 667 1065 custoditur
693 1023 751 1064 ab
782 1023 868 1064 hoc
898 1025 1034 1078 poeta
1064 1023 1210 1065 decor.
1267 1024 1424 1076 Atque
1453 1024 1533 1066 ille

269 1088 457 1141 quidem
494 1088 710 1129 omnibus
747 1087 953 1129 eiusdem
981 1087 1131 1141 operis
1160 1088 1428 1130 auctoribus
1455 1089 1533 1130 ab·

269 1152 404 1194 stulit
435 1165 604 1193 nomen
637 1154 682 1193 et
715 1152 900 1204 fulgore
933 1151 1132 1205 quodam
1166 1165 1274 1193 suae
1307 1151 1533 1195 claritatis

268 1217 481 1258 tenebras
519 1216 726 1259 obduxit.
802 1217 976 1258 Tamen
1013 1217 1186 1258 habent
1232 1216 1314 1258 alii
1351 1230 1532 1270 quoque

269 1280 446 1332 comici,
483 1280 522 1322 si
561 1294 668 1322 cum
705 1281 843 1322 venia
879 1280 1114 1334 leguntur,
1152 1280 1378 1334 quaedam
1415 1294 1532 1334 quae

268 1345 414 1398 possis
447 1344 711 1398 decerpere3
740 1347 784 1386 et
823 1345 1068 1399 praecipue
1108 1345 1422 1396 Philemon,
1450 1345 1532 1398 qui

268 1411 322 1450 ut
357 1409 516 1463 pravis
545 1409 618 1451 sui
646 1409 867 1462 temporis
895 1409 1082 1451 iudiciis
1115 1409 1370 1451 Menandro
1398 1422 1532 1463 saepe

267 1473 502 1527 praelatus
522 1475 604 1525 est,
622 1473 690 1515 ita
709 1487 933 1515 consensu
951 1475 1108 1515 tamen
1128 1474 1338 1515 omnium
1356 1475 1532 1517 meruit

268 1538 391 1580 credi
411 1538 649 1580 secundus.

212 1612 253 1646 ’73
348 1602 673 1644 Historiam
713 1601 853 1643 multi
900 1602 1120 1656 scripsere
1167 1602 1414 1656 praeclare,
1452 1603 1531 1646 sed

267 1680 401 1708 nemo
438 1666 623 1708 dubitat
659 1666 795 1719 longe
833 1666 947 1708 duos
985 1667 1147 1709 ceteris
1193 1667 1531 1720 praeferendos,

266 1745 465 1784 quorum
493 1731 677 1773 diversa
706 1731 858 1772 virtus
886 1731 1071 1773 laudem
1099 1744 1243 1784 paene
1273 1733 1342 1773 est
1369 1745 1529 1785 parem

266 1798 520 1838 consecuta.
578 1796 759 1837 Densus
792 1797 837 1837 et
873 1796 1030 1838 brevis
1063 1797 1108 1837 et
1141 1809 1320 1849 semper
1351 1796 1531 1839 instans

267 1860 356 1902 sibi
395 1860 774 1914 Thucydides,
802 1859 952 1901 dulcis
981 1862 1026 1901 et
1063 1859 1287 1902 candidus
1316 1862 1361 1902 et
1394 1860 1530 1902 fusus

267 1924 618 1976 Herodotus3
647 1924 727 1966 ille
747 1924 990 1966 concitatis
1018 1924 1094 1966 hic
1114 1923 1318 1966 remissis
1337 1923 1530 1966 adfecti-

265 1989 352 2030 bus
380 1988 556 2039 melior,
584 1988 663 2030 ille
692 1989 987 2031 contionibus
1014 1989 1091 2031 hic
1120 1988 1422 2039 sermonibus,
1450 1987 1530 2030 ille

212 2058 253 2093 ⁰74
265 2053 315 2094 vi
342 2052 419 2094 hic
438 2052 690 2107 voluptate.
748 2053 1158 2107 Theopompus,
1176 2053 1250 2094 his
1275 2053 1530 2106 proximus,

265 2119 318 2158 ut
337 2117 388 2158 in
414 2117 611 2159 historia
638 2117 887 2171 praedictis
906 2117 1071 2167 minor,
1091 2118 1158 2159 ita
1177 2117 1349 2159 oratori
1378 2117 1530 2170 magis

265 2181 444 2233 similis,
458 2184 512 2223 ut
531 2182 625 2235 qui,
641 2184 888 2234 antequam
908 2183 976 2223 est
995 2181 1054 2223 ad
1073 2181 1158 2223 hoc
1178 2195 1293 2235 opus
1312 2181 1529 2224 sollicita-

244 2248 354 2298 tus,
374 2246 456 2288 diu
476 2247 620 2288 fuerit
640 2248 805 2288 orator.
863 2245 1124 2287 Philistu
1136 2259 1156 2287 s
1185 2259 1366 2298 quoque
1385 2259 1528 2288 mere-

263 2312 342 2352 tur
375 2311 456 2364 qui
489 2310 652 2351 turbae
682 2310 897 2362 quamvis
925 2310 1152 2351 bonorum
1185 2312 1288 2363 post
1320 2323 1396 2352 eos
1423 2323 1528 2352 auc-

264 2376 419 2419 torum
440 2375 684 2426 eximatur,
703 2374 912 2417 imitator
933 2374 1218 2430 Thucydidis
1237 2377 1282 2417 et
1302 2376 1355 2417 ut
1377 2374 1526 2418 multo
