1696 2638
249 148 334 191 102
542 146 663 182 INST.
695 146 901 182 ORATOR.
933 147 1015 190 XII,
1046 149 1077 190 2,
1109 148 1227 185 18-21.

248 273 340 302 non
373 258 577 314 plurima
609 259 730 302 dicet
763 262 955 303 orator?
1011 260 1099 303 Sed
1131 261 1212 304 ille
1244 262 1319 303 vir
1350 261 1513 315 bonus,

247 324 327 378 qui
365 324 478 366 haec
515 338 608 366 non
646 325 839 366 vocibus
877 327 1063 367 tantum
1101 325 1191 367 sibi
1228 328 1339 368 nota
1375 329 1514 380 atque

247 388 514 430 nominibus
551 388 738 430 aurium
770 390 906 431 tenus
934 390 984 431 in
1014 403 1152 431 usum
1189 389 1378 443 linguae
1414 405 1514 445 per·

248 453 431 507 ceperit,
452 452 529 494 sed
560 453 654 505 qui,
674 453 874 495 virtutes
905 454 1029 508 ipsas
1049 457 1203 496 mente
1234 455 1514 509 complexus,

248 517 315 559 ita
345 517 524 568 sentiet,
555 531 637 559 nec
668 517 719 558 in
756 518 1002 571 cogitando
1039 518 1272 561 laborabit
1309 521 1368 571 et,
1391 519 1514 573 quod

249 581 374 632 sciet,
393 595 500 623 vere
520 581 652 624 dicet.

195 657 236 691 18
328 646 447 689 Cum
468 646 528 687 sit
548 646 698 688 omnis
727 647 956 699 generalis
984 648 1194 700 quaestio
1221 648 1408 702 speciali
1436 662 1514 703 po-

247 711 432 762 tentior,
452 711 562 763 quia
580 711 800 752 universo
820 725 927 765 pars
947 713 1225 763 continetur,
1240 726 1333 754 non
1352 713 1514 766 utique

248 775 424 817 accedit
451 776 574 829 parti
595 776 717 829 quod
746 776 1019 818 universum
1049 779 1131 827 est,
1151 777 1360 830 profecto
1379 791 1513 820 nemo

248 839 495 891 dubitabit,
524 840 762 893 generales
791 840 1082 893 quaestiones
1119 841 1169 882 in
1202 840 1284 883 illo
1311 842 1514 884 maxime

193 911 234 944 ’19
249 905 509 946 studiorum
546 919 673 947 more
710 907 929 947 versatas.
988 906 1089 947 Iam
1127 919 1237 948 vero
1275 920 1380 948 cum
1419 906 1514 948 sint

247 969 397 1011 multa
441 970 641 1023 propriis
677 969 990 1023 brevibusque
1027 970 1514 1023 comprehensionibus

247 1034 462 1085 finienda,
499 1034 622 1076 unde
664 1035 805 1076 etiam
853 1036 1002 1076 status
1050 1048 1295 1076 causarum
1342 1035 1515 1077 dicitur

247 1098 473 1149 finitivus,
492 1112 643 1140 nonne
674 1098 733 1140 ad
762 1098 811 1140 id
837 1112 1018 1152 quoque
1049 1099 1220 1140 instrui
1251 1099 1310 1140 ab
1341 1099 1414 1151 iis,
1433 1100 1514 1153 qui

247 1162 353 1216 plus
372 1163 422 1204 in
440 1163 526 1204 hoc
547 1163 691 1204 studii
711 1162 950 1214 dederunt,
970 1165 1150 1216 oportet
1169 1165 1186 1205 Ρ
1242 1163 1366 1217 Quid
1385 1165 1403 1206 ?
1420 1177 1514 1206 11011

248 1228 455 1280 quaestio
491 1227 608 1269 iuris
646 1228 796 1269 omnis
827 1229 909 1269 aut
939 1228 1189 1270 verborum
1226 1228 1510 1282 proprietate

248 1294 330 1333 aut
355 1292 489 1345 aequi
518 1292 831 1345 disputatione
860 1294 942 1334 aut
962 1292 1220 1334 voluntatis
1249 1293 1514 1336 coniectura

248 1357 510 1398 continetur
528 1359 546 1399 Ρ
573 1370 771 1410 quorum
791 1371 897 1410 pars
917 1357 976 1398 ad
1006 1357 1295 1409 rationalem,
1315 1372 1423 1412 pars
1454 1358 1513 1400 ad

192 1430 235 1464 20
247 1421 468 1463 moralem
496 1423 749 1463 tractatum
769 1421 1009 1464 redundat.
1067 1423 1193 1475 Ergo
1213 1424 1384 1464 natura
1412 1436 1512 1476 per-

247 1485 395 1527 mixta
441 1488 509 1527 est
556 1486 772 1528 omnibus
809 1486 913 1528 istis
960 1487 1122 1538 oratio,
1161 1501 1278 1540 quae
1325 1487 1513 1540 quidem

249 1551 395 1592 oratio
432 1552 500 1592 est
538 1564 657 1593 vere.
732 1551 854 1592 Nam
891 1551 1057 1604 ignara
1094 1551 1282 1604 quidem
1319 1551 1512 1594 huiusce

248 1614 482 1657 doctrinae
501 1615 757 1668 loquacitas
778 1617 898 1658 erret
917 1629 1097 1658 necesse
1118 1618 1199 1667 est,
1218 1618 1272 1657 ut
1300 1629 1418 1669 quae
1437 1615 1513 1658 vel

247 1679 400 1721 nullos
419 1679 494 1722 vel
514 1679 657 1722 falsos
677 1680 815 1722 duces
834 1680 1015 1723 habeat.

327 1744 442 1787 Pars
461 1758 572 1786 vero
600 1745 908 1796 naturalis,
929 1758 1034 1786 cum
1055 1746 1124 1787 est
1137 1744 1196 1786 ad
1225 1744 1513 1787 exercitatio-

247 1823 354 1851 nem
368 1809 550 1851 dicendi
578 1811 710 1851 tanto
730 1810 892 1851 ceteris
912 1810 1113 1860 uberior,
1132 1811 1307 1863 quanto
1336 1810 1512 1851 maiore

249 1874 417 1927 spiritu
445 1874 500 1915 de
531 1874 706 1916 divinis
737 1874 874 1916 rebus
905 1888 1045 1927 quam
1076 1874 1296 1916 humanis
1325 1873 1512 1928 loquen-

228 1937 360 1989 ‚dum
406 1940 488 1989 est,
524 1940 627 1980 tum
664 1938 795 1980 illam
834 1938 974 1980 etiam
1011 1938 1247 1989 moralem,
1286 1938 1383 1981 sine
1420 1952 1513 1991 qua

248 2002 378 2043 nulla
397 2015 506 2055 esse,
525 2004 579 2043 ut
599 2002 854 2054 docuimus,
874 2003 1022 2044 oratio
1042 2004 1206 2056 potest,
1221 2003 1369 2044 totam
1390 2016 1512 2044 com-

193 2077 232 2110 21
247 2065 477 2119 plectitur.
536 2067 658 2108 Nam
689 2067 727 2109 si
758 2067 938 2120 regitur
970 2066 1266 2120 providentia
1294 2066 1513 2118 mundus,

248 2129 617 2172 administranda
645 2133 766 2173 certe
793 2131 928 2173 bonis
948 2131 1064 2172 viris
1083 2131 1172 2172 erit
1199 2144 1272 2172 res
1300 2130 1513 2185 publica;

248 2194 295 2236 si·
307 2195 468 2237 divina
487 2196 658 2237 nostris
687 2195 856 2237 animis
876 2195 1020 2248 origo,
1039 2194 1322 2237 tendendum
1342 2195 1401 2237 ad
1420 2195 1513 2237 vir-

247 2260 396 2301 tutem
440 2273 521 2301 nec
552 2259 874 2312 voluptatibus
919 2259 1091 2301 terreni
1132 2260 1338 2313 corporis
1371 2259 1512 2302 servi-

248 2323 430 2366 endum.
486 2324 566 2365 An
594 2323 706 2365 haec
736 2337 830 2366 non
863 2323 1130 2377 frequenter
1159 2324 1383 2366 tractabit
1413 2337 1509 2368 ora-
