1696 2638
473 185 594 220 INST.
627 183 836 219 ORATOR.
867 181 952 224 XII,
983 182 1015 223 9,
1045 180 1120 215 5-8.
1365 178 1448 221 121

175 304 269 355 tur,
299 315 383 344 nec
414 302 483 343 est
516 297 740 342 orationis
760 310 872 339 vera
902 294 1022 346 laus,
1050 292 1143 335 nisi
1176 306 1284 335 cum
1316 291 1450 334 finita

177 369 258 411 est.
333 364 584 408 Veteribus
622 362 812 416 quidem
849 361 990 403 etiam
1029 357 1324 404 dissimulare
1361 355 1484 400 elo-5

176 431 418 487 quentiam
433 429 528 471 fuit
547 427 704 479 moris,
718 426 859 480 idque
874 425 935 468 M.
953 423 1190 466 Antonius
1210 421 1451 477 praecipit,

177 506 269 551 quo
315 495 422 550 plus
468 492 730 535 dicentibus
777 490 884 532 fidei
929 489 1178 543 minusque
1212 488 1452 541 suspectae

177 561 510 604 advocatorum
539 556 737 599 insidiae
770 556 938 598 forent.
996 553 1085 597 Sed
1121 552 1205 594 illa
1237 550 1452 594 dissimu-

177 626 280 677 lari,
299 638 417 678 quae
435 626 539 665 tum
559 615 671 673 erat,
690 620 870 676 potuit3
893 618 1102 661 nondum
1121 617 1246 660 enim
1265 618 1450 658 tantum

179 689 362 732 dicendi
383 688 543 730 lumen
562 687 830 736 accesserat,
848 686 904 726 ut
933 683 1076 726 etiam
1105 696 1188 737 per
1218 680 1453 724 obstantia

179 754 452 807 erumperet.
510 751 664 805 Quare
684 752 807 792 artes
835 748 1025 802 quidem
1053 749 1100 790 et
1128 745 1323 789 consilia
1340 745 1453 787 late-

180 820 262 861 ant
290 820 335 860 et
364 815 606 871 quidquid,
626 815 665 857 si
695 813 1071 868 deprehenditur,
1092 811 1226 866 perit.
1284 810 1453 853 Hacte-

179 897 269 926 nus
297 881 560 936 eloquentia
590 882 819 923 secretum
846 879 999 921 habet.
1057 877 1325 920 Verborum
1352 875 1489 930 qui-6

180 948 286 991 dem
318 947 536 997 delectus,
568 945 778 999 gravitas
812 942 1163 994 sententiarum,
1194 941 1455 995 figurarum

185 1012 416 1067 elegantia
454 1013 536 1053 aut
573 1024 668 1052 non
698 1011 809 1052 sunt
841 1011 925 1051 aut
962 1008 1200 1063 apparent.
1258 1006 1347 1049 Sed
1379 1005 1456 1048 vel

183 1080 373 1135 propter
409 1077 496 1118 hoc
534 1075 691 1130 ipsum
729 1073 1006 1117 ostentanda
1042 1085 1137 1114 non
1175 1073 1299 1123 sunt,
1331 1070 1457 1124 quod

181 1143 421 1198 apparent,
441 1142 524 1183 aut
545 1140 583 1182 si
603 1154 753 1181 unum
772 1133 796 1181 e
816 1138 998 1180 duobus
1018 1135 1298 1191 eligendum,
1316 1149 1458 1178 causa

181 1208 338 1262 potius
371 1206 588 1248 laudetur
622 1219 763 1259 quam
795 1206 1034 1259 patronus.
1102 1202 1268 1245 Finem
1299 1203 1458 1244 tamen

182 1273 308 1327 hunc
355 1271 611 1326 praestabit
659 1271 829 1321 orator,
865 1270 920 1311 ut
967 1268 1184 1311 videatur
1231 1267 1458 1322 optimam

183 1351 372 1380 causam
403 1336 576 1390 optime
607 1335 766 1389 egisse.
824 1334 950 1376 Illud
977 1335 1156 1376 certum
1188 1332 1290 1384 erit,
1315 1331 1459 1374 nemi-

183 1416 290 1445 nem
339 1402 471 1456 peius
509 1413 646 1454 agere
683 1413 826 1453 quam
863 1399 958 1452 qui,
996 1397 1269 1453 displicente
1307 1410 1460 1448 causa,

183 1467 359 1522 placet;
388 1479 571 1508 necesse
602 1466 671 1507 est
701 1464 826 1507 enim
857 1466 990 1506 extra
1020 1477 1208 1506 causam
1242 1462 1303 1504 sit
1335 1461 1460 1515 quod

184 1531 348 1587 placet.
420 1531 515 1573 Nec
552 1529 636 1571 illo
674 1529 865 1571 fastidio
902 1528 1136 1571 laborabit
1174 1529 1330 1589 orator
1366 1540 1460 1568 non
1473 1537 1495 1572 ’τ

185 1596 354 1651 agendi
384 1609 546 1639 causas
576 1595 794 1646 minores,
811 1596 1054 1647 tamquam
1082 1593 1210 1634 infra
1229 1606 1336 1635 eum
1366 1592 1461 1634 sint

186 1663 270 1703 aut
289 1661 557 1703 detractura
581 1659 641 1701 sit
661 1658 870 1713 opinioni
898 1658 1055 1700 minus
1083 1657 1291 1700 liberalis
1319 1658 1462 1699 mate-

186 1726 270 1770 ria.
344 1726 467 1769 Nam
505 1727 551 1768 et
598 1723 883 1778 suscipiendi
920 1723 1042 1765 ratio
1088 1722 1347 1764 iustissima
1393 1723 1462 1764 est

187 1791 403 1843 officium,
418 1793 464 1833 et
484 1789 742 1844 optandum
762 1788 918 1839 etiam,
936 1789 991 1829 ut
1011 1787 1152 1829 amici
1166 1800 1307 1840 quam
1326 1786 1462 1828 mini-

187 1870 288 1898 mas
306 1856 413 1898 lites
438 1855 656 1905 habeant,
675 1855 722 1895 et
741 1852 925 1895 abunde
953 1851 1075 1894 dixit
1102 1851 1233 1903 bene,
1252 1850 1463 1905 quisquis
1518 1863 1519 1866 ’

188 1921 256 1962 rei
276 1919 515 1962 satisfecit.

270 1986 338 2027 At
356 1984 562 2039 quidam,
583 1982 765 2025 etiamsi
794 1982 917 2024 forte
946 1982 1249 2035 susceperunt
1276 1979 1497 2034 negotia8

190 2049 330 2105 paulo
349 2049 409 2091 ad
428 2048 677 2091 dicendum
694 2046 924 2098 tenuiora,
943 2046 1230 2088 extrinsecus
1250 2044 1466 2087 adductis

191 2127 245 2156 ea
262 2114 401 2156 rebus
427 2113 762 2156 circumlinunt
793 2125 860 2163 ac,
880 2111 919 2154 si
950 2110 1205 2153 defecerint
1235 2110 1342 2162 alia,
1361 2124 1466 2153 con-

191 2178 326 2220 viciis
374 2178 571 2232 implent
609 2191 760 2219 vacua
807 2190 1079 2229 causarum3
1132 2176 1171 2218 si
1220 2175 1465 2229 contingit,

191 2243 329 2294 veris,
358 2243 398 2284 si
431 2243 600 2293 minus,
631 2242 775 2293 fictis3
804 2241 941 2283 modo
971 2240 1033 2283 sit
1061 2240 1259 2283 materia
1287 2239 1467 2294 ingenii

192 2309 516 2360 mereaturque
545 2306 795 2348 clamorem
825 2305 939 2347 dum
972 2305 1157 2350 dicitur.
1215 2305 1351 2360 Quod
1380 2319 1466 2359 ego

194 2370 307 2414 adeo
326 2371 464 2425 longe
494 2373 610 2425 puto
641 2371 700 2412 ab
732 2372 914 2413 oratore
942 2370 1165 2425 perfecto,
1183 2372 1238 2412 ut
1269 2384 1377 2412 eum
1408 2383 1467 2412 ne
