1696 2638
510 448 561 484 M.
595 447 735 488 FABII
769 446 1092 491 QUINTILIANI

170 547 260 598 IN
281 547 855 605 STITUTIONIS
912 546 1439 598 ORATORIAE

556 691 559 692 γ
596 665 748 700 LIBER
778 665 1007 701 DECIMUS.
1044 627 1049 648 ⁷

212 795 503 847 QUOMODO
536 796 727 837 FIRMA
758 795 1073 837 FAOILITAS
1105 793 1398 835 PARETUR.

671 1047 856 1088 CAPUT
886 1048 920 1087 Ι.

520 1161 585 1193 DE
614 1162 763 1194 OOPIA
791 1162 1079 1195 VERBORUM.

243 1255 279 1301 I.
310 1256 407 1301 SED
440 1257 554 1300 haec
589 1257 833 1311 eloquendi
851 1259 1108 1314 praecepta,
1126 1257 1248 1300 sicut
1277 1257 1433 1312 cogni·

161 1320 280 1363 tiom’
320 1323 430 1363 sunt
466 1323 739 1374 necessaria,
767 1323 835 1364 ita
863 1337 957 1364 non
996 1322 1110 1364 satis
1138 1322 1196 1364 ad
1227 1322 1326 1364 vim
1365 1323 1433 1365 di-

162 1386 296 1428 cendi
326 1386 499 1438 valent,
531 1387 624 1428 nisi
657 1387 751 1429 illis
785 1387 920 1429 firma
952 1387 1179 1441 quaedam
1213 1387 1433 1439 facilitas,

162 1465 280 1504 quae
299 1451 424 1505 apud
453 1451 655 1495 Graecos
677 1453 750 1501 ἔξις
768 1453 1052 1504 nominatur,
1074 1452 1343 1503 accesserit3
1372 1452 1431 1494 ad

162 1529 303 1568 quam
322 1516 565 1558 scribendo
592 1516 698 1570 plus
719 1530 780 1558 an
807 1516 1002 1570 legendo
1031 1530 1091 1558 an
1112 1516 1306 1558 dicendo
1326 1530 1431 1558 con-

161 1579 355 1631 feratur,
378 1580 523 1623 solere
551 1581 711 1634 quaeri
741 1581 846 1623 scio.
905 1581 1039 1635 Quod
1069 1583 1187 1623 esset
1215 1581 1429 1635 diligenti

161 1644 295 1686 nobis
324 1644 687 1686 examinandum
715 1659 840 1696 cura,
869 1645 909 1686 si
938 1645 1146 1698 qualibet
1165 1659 1336 1703 *earum
1364 1659 1431 1687 re-

160 1722 266 1750 rum
312 1722 549 1763 possemus
585 1723 681 1750 una
727 1723 823 1751 esse
861 1710 1079 1753 contenti.
1147 1710 1326 1752 Verum
1362 1710 1464 1751 itaz
1533 1747 1535 1750 .

161 1774 271 1815 sunt
300 1773 424 1816 inter
453 1787 501 1816 se
531 1787 704 1816 conexa
734 1776 779 1816 et
810 1774 1062 1818 indiscreta
1093 1775 1262 1826 omnia,
1292 1776 1360 1825 ut,
1390 1774 1430 1816 si

160 1838 272 1891 quid
292 1851 348 1880 ex
370 1838 445 1880 his
465 1838 681 1890 defuerit,
700 1839 879 1881 frustra
899 1839 960 1881 sit
988 1840 1039 1881 in
1059 1840 1223 1882 ceteris
1250 1839 1430 1881 labora-

159 1904 274 1945 tum.
349 1903 472 1945 Nam
509 1917 657 1957 neque
695 1903 842 1946 solida
879 1906 1018 1960 atque
1055 1904 1248 1946 robusta
1285 1904 1430 1946 fuerit

159 1981 383 2021 umquam
411 1967 687 2022 eloquentia,
706 1968 798 2010 nisi
827 1968 976 2010 multo
1006 1968 1113 2011 stilo
1132 1969 1255 2011 vires
1275 1982 1429 2022 accep-

159 2031 261 2083 erit,
281 2033 327 2074 et
346 2032 464 2074 citra
482 2032 696 2075 lectionis
717 2033 980 2087 exemplum
1008 2033 1141 2075 labor
1170 2033 1249 2075 ille
1269 2046 1429 2075 carens

159 2098 335 2140 rectore
365 2097 595 2149 fluitabit3
634 2098 716 2151 qui
746 2099 903 2140 autem
935 2098 1060 2149 sciet,
1087 2112 1217 2151 quae,
1248 2111 1430 2151 quoque

160 2159 254 2202 sint
272 2160 410 2203 modo
429 2161 636 2213 dicenda,
656 2162 748 2203 nisi
776 2164 932 2204 tamen
952 2162 1003 2203 in
1031 2162 1275 2216 procinctu
1298 2176 1430 2216 para-

158 2225 347 2278 tamque
387 2225 444 2267 ad
484 2226 635 2268 omnis
673 2240 806 2268 casus
847 2226 1066 2269 habuerit
1104 2226 1430 2280 eloquentiam,

158 2288 289 2331 velut
318 2289 488 2332 clausis
508 2290 739 2332 thesauris
759 2291 1015 2335 incubabit.
1073 2292 1179 2334 Non
1198 2294 1355 2334 autem
1374 2294 1464 2334 uta

158 2353 362 2408 quidque
390 2355 635 2409 praecipue
663 2357 974 2398 necessarium
1003 2358 1085 2408 est,
1112 2357 1176 2399 sic
1205 2357 1265 2399 ad
1293 2357 1428 2399 effici-
