1696 2638
485 189 608 225 msr.
638 189 848 225 ORATOR.
877 188 922 231 x,
954 189 985 231 1,
1014 188 1136 224 36-41.
1390 189 1448 233 35

179 305 549 362 tionibus-,atque
577 301 1024 360 interrogationibus
1052 303 1283 343 oratorem
1320 300 1448 342 futu-

180 383 287 411 rum
306 362 485 422 ssptmb
516 359 1096 421 QLajchLptaepaoeant?
1117 365 1206 408 Sed
1235 364 1309 406 his
1339 368 1505 418 quo-36

181 432 622 492 qued-adhibendum
659 434 728 474 est
761 431 912 473 simile
945 430 1193 481 iudicium,·
1215 431 1272 471 ut
1308 430 1450 472 etiam

182 492 289 541 cum
317 495 800 549 inrarebusversemur.
827 495 1131 547 iisdem‚=non
1160 497 1319 537 tamen
1346 509 1450 537 ean-

182 563 286 605 dem
317 576 412 605 esse
458 561 775 604 condicionem
816 560 1017 603 sciamus
1062 559 1222 601 litium
1267 573 1321 602 ac
1361 559 1450 601 dis-

182 620 494 683 putationum,
531 626 623 668 fori
660 629 707 668 et
743 625 980 681 auditorii,
1016 626 1368 680 praeceptorum
1405 626 1451 666 et

182 692 508 747 periculorum.
553 703 555 705 ’

264 757 412 800 Credo
440 758 683 798 exacturos
712 755 969 810 plerosque,
999 769 1107 797 cum
1136 756 1324 796 tantum
1356 767 1452 796 esse
1464 761 1508 795 37

182 821 404 863 utilitatis
440 821 492 862 in
532 820 728 874 legendo
773 820 1046 871 iudicemus,
1082 821 1138 861 ut
1174 819 1224 861 id
1270 832 1452 872 quoque

183 886 496 940 adiungamus
542 885 684 939 operi,
730 884 812 938 qui
853 885 948 927 sint
993 883 1192 938 legendi,
1238 897 1357 937 quae
1402 883 1454 924 in

183 953 371 993 auctore
408 964 590 1004 quoque
618 950 869 1005 praecipua
896 950 1061 992 virtus.
1120 948 1208 992 Sed
1239 948 1454 1002 persequi
1532 961 1536 966 ·

185 1015 394 1069 singulos
426 1015 601 1057 infiniti
638 1015 784 1057 fuerit
814 1014 977 1068 operis.
1046 1013 1228 1067 Quippe
1266 1027 1373 1055 cum
1404 1013 1455 1054 in
1466 1021 1511 1055 38

185 1080 334 1122 Bruto
371 1081 432 1123 M.
463 1079 648 1122 Tullius
683 1082 755 1121 tot
791 1079 984 1121 milibus
1012 1092 1235 1120 versuum
1273 1077 1329 1119 de
1366 1078 1455 1119 Ro-

184 1145 336 1186 manis
372 1146 558 1186 tantum
589 1144 853 1186 oratoribus
885 1144 1107 1197 loquatur
1135 1145 1181 1184 et
1209 1144 1367 1184 tamen
1400 1142 1455 1184 de

185 1205 402 1252 omnibus
417 1209 582 1251 aetatis
597 1223 721 1259 suae,
755 1208 836 1260 qui
855 1210 959 1249 tum
979 1206 1217 1260 vivebant,
1252 1207 1456 1261 exceptis

187 1274 381 1318 Caesare
418 1277 556 1328 atque
595 1273 829 1324 Marcello,
863 1273 1103 1315 silentium
1140 1271 1312 1326 egerit3
1351 1271 1457 1325 quis

187 1340 276 1382 erit
303 1339 482 1390 modus,
512 1339 551 1380 si
580 1340 626 1380 et
658 1337 765 1380 illos
794 1339 842 1380 et
873 1337 955 1391 qui
992 1339 1152 1391 postea
1183 1337 1379 1378 fuerunt
1411 1337 1457 1378 et

188 1404 389 1448 Graecos
435 1403 586 1445 omnis
631 1404 677 1444 et
730 1401 1067 1456 philosophos?
1148 1401 1263 1443 Fuit
1307 1400 1457 1454 igitur
1470 1410 1513 1444 39

186 1469 393 1511 brevitas
420 1468 504 1510 illa
525 1467 776 1518 tutissima,
795 1480 913 1520 quae
933 1468 1002 1508 est
1030 1465 1155 1520 apud
1185 1465 1377 1507 Livium
1407 1465 1458 1506 in

187 1533 383 1588 epistola
419 1533 478 1575 ad
515 1533 666 1574 filium
704 1532 889 1586 scripta,
916 1530 1192 1585 legendos
1230 1531 1458 1572 Demos-

187 1598 417 1640 thenem
462 1599 634 1651 atque
681 1597 1037 1647 Ciceronem,
1082 1598 1203 1637 tum
1248 1595 1355 1646 ita,
1395 1596 1458 1636 ut

189 1663 434 1717 quisque
479 1664 631 1704 esset
677 1661 1053 1704 Demostheni
1095 1662 1149 1702 et
1175 1659 1459 1707 ,Ciceroni

189 1727 551 1770 simillimus.
608 1726 716 1769 Non
735 1728 804 1768 est
823 1724 1162 1768 dissimulanda
1180 1724 1329 1766 nostri
1349 1734 1515 1777 quo-40

189 1806 279 1847 que
300 1791 464 1834 iudicii
494 1805 688 1834 summa.
746 1792 925 1833 Paucos
953 1790 1079 1832 enim
1097 1789 1173 1831 vel
1201 1789 1358 1843 potius
1377 1789 1459 1830 vix

189 1857 342 1899 ullum
357 1870 415 1899 ex
432 1856 520 1908 his,
535 1856 616 1910 qui
632 1858 915 1898 vetustatem
934 1854 1230 1909 pertulerunt
1244 1853 1460 1896 existimo

190 1935 321 1977 posse
335 1921 542 1975 reperiri,
556 1920 671 1974 quin
690 1920 919 1962 iudicium
934 1919 1265 1962 adhibentibus
1280 1918 1460 1960 adlatu-

190 2001 272 2029 rus
300 1986 362 2029 sit
388 1986 611 2028 utilitatis
644 1985 837 2039 aliquid,
857 1999 965 2027 cum
998 1999 1045 2027 se
1078 1984 1239 2028 Cicero
1272 1983 1331 2025 ab
1364 1983 1460 2025 illis

191 2064 373 2105 quoque
402 2050 732 2093 vetustissimis
764 2050 1049 2102 auctoribus,
1078 2048 1332 2103 ingeniosis
1361 2048 1461 2101 qui-

191 2115 310 2167 dem,
356 2115 435 2157 sed
480 2117 579 2157 arte
625 2115 903 2166 carentibus,
949 2114 1209 2169 plurimum
1255 2114 1461 2155 fateatur

191 2180 419 2222 adiutum.
501 2180 596 2222 Nec
642 2179 793 2221 multo
839 2179 969 2221 aliud
1015 2179 1071 2221 de
1117 2178 1253 2221 novis
1300 2177 1459 2220 sentio.

192 2244 374 2299 Quotus
393 2244 517 2286 enim
536 2244 732 2297 quisque
751 2243 954 2286 inveniri
972 2245 1071 2286 tam
1091 2243 1278 2285 demens
1297 2244 1462 2297 potest,
1474 2248 1515 2282 41

192 2309 276 2363 qui
319 2322 378 2351 ne
414 2309 610 2350 minima
651 2308 839 2362 quidem
876 2308 1076 2350 alicuius
1122 2310 1244 2350 certe
1291 2307 1463 2349 fiducia

192 2373 340 2428 partis
378 2373 650 2416 memoriam
697 2372 982 2427 posteritatis
1022 2371 1315 2427 speraverit?
1369 2370 1462 2425 Qui
