1696 2638
265 172 332 220 '78
608 172 730 207 INST.
762 173 970 207 ORATOR.
1001 173 1044 215 X,
1073 174 1107 223 Z,
1137 173 1213 207 3-6.

275 288 395 329 tates
432 286 507 328 vel
553 286 679 340 apud
724 286 1029 338 magistratus
1067 285 1140 327 vel
1187 284 1561 339 repraesentatis-

276 350 461 392 iudiciis
494 350 714 391 continuo
747 349 926 403 agendi.
995 349 1204 403 Quarum
1238 349 1276 391 si
1311 364 1415 403 qua,
1447 364 1541 392 non

277 415 378 457 dico
408 415 682 467 cuicumque
712 414 1030 456 innocentium
1049 413 1238 465 civium,
1268 414 1347 455 sed
1375 414 1541 456 amico-

277 494 383 522 rum
420 493 472 521 ac
503 479 875 533 propinquorum
913 479 1053 520 alicui
1092 478 1310 530 evenerit,
1340 478 1541 521 stabitne

277 547 436 586 mutus
456 546 501 586 et
531 543 784 585 salutarem
813 544 1077 598 petentibus
1097 557 1258 585 vocem
1278 543 1542 596 statimque,

279 609 317 650 si
336 623 430 650 non
461 610 773 659 succurratur,
804 608 1024 662 perituris
1054 622 1207 650 moras
1238 610 1283 650 et
1314 621 1541 650 secessum
1587 607 1593 614 ’

278 676 322 715 et
349 674 587 716 silentium
617 675 820 726 quaeret,
840 673 952 714 dum
980 673 1063 715 illa
1082 673 1225 715 verba
1253 673 1542 715 fabricentur

278 741 323 780 et
337 737 584 780 memoriae
599 737 804 779 insidant
821 739 866 779 et
885 751 977 779 vox
992 751 1044 779 ac
1063 737 1187 779 latus
1205 738 1506 791 praeparetur
1524 738 1542 779 Ρ

244 815 265 849 3
280 803 408 856 Quae
427 817 537 845 vero
567 803 747 856 patitur
776 802 863 844 hoc
897 803 1059 853 oratio,
1091 804 1145 843 ut
1175 802 1422 855 quisquam
1440 815 1541 856 pos-

279 868 339 909 sit
364 869 519 909 orator
549 867 762 909 omittere
795 868 964 908 casus?
1034 865 1171 919 Quid,
1191 879 1297 907 cum
1330 865 1542 908 adversa-

278 933 348 974 rio
367 931 737 986 respondendum
756 931 858 982 erit,
877 931 956 973 fiet
977 932 994 973 ?
1049 930 1172 972 Nam
1187 943 1318 984 saepe
1338 943 1404 982 ea,
1424 944 1542 983 quae

278 997 455 1050 opinati
476 1009 650 1047 sumus,
669 997 714 1037 et
735 997 895 1037 contra
914 1008 1031 1048 quae
1052 994 1334 1048 scripsimus,
1353 994 1542 1047 fallunt,

277 1075 330 1103 ac
358 1063 458 1102 tota
478 1060 633 1102 subito
653 1073 792 1101 causa
811 1061 1045 1112 mutatur-3
1074 1061 1213 1111 atque
1232 1060 1286 1100 ut
1314 1059 1541 1112 guberna-

277 1125 369 1167 tori
384 1125 442 1166 ad
461 1125 676 1166 incursus
696 1126 1038 1178 tempestatum,
1053 1124 1118 1165 sic
1138 1123 1297 1177 agenti
1316 1124 1375 1165 ad
1394 1124 1541 1167 varie-

243 1192 422 1234 4tatem
448 1203 693 1231 causarum
721 1189 842 1230 ratio
870 1188 1096 1230 mutanda
1115 1190 1194 1230 est.
1252 1188 1375 1242 Quid
1403 1203 1541 1243 porro

277 1253 454 1295 multus
469 1253 604 1295 stilus
624 1255 669 1295 et
689 1253 885 1295 adsidua
902 1253 1040 1295 lectio
1060 1254 1106 1295 et
1123 1252 1264 1305 longa
1280 1253 1542 1295 studiorum

278 1320 403 1360 aetas
423 1318 551 1369 facit,
571 1318 610 1359 si
630 1319 786 1359 manet
817 1317 976 1359 eadem
1007 1331 1124 1370 quae
1155 1316 1249 1358 fuit
1279 1317 1541 1371 incipienti-

276 1382 364 1424 bus
397 1382 684 1424 difficultas?
750 1382 947 1424 Periisse
983 1381 1192 1436 profecto
1228 1381 1541 1424 confitendum

278 1448 346 1488 est
373 1447 677 1500 praeteritum
705 1446 925 1498 laborem,
953 1446 1029 1488 cui
1059 1461 1237 1502 semper
1265 1448 1388 1490 idem
1416 1447 1541 1490 labo·
1566 1476 1571 1482 -

277 1511 475 1553 randum
496 1513 575 1554 est.
625 1511 794 1564 „Neque
822 1525 906 1564 ego
934 1511 1020 1554 hoc
1050 1526 1151 1565 ago,
1170 1514 1223 1554 ut
1252 1526 1308 1554 ex
1335 1515 1542 1566 tempore

277 1575 427 1618 dicere
454 1575 602 1627 malit,
631 1575 711 1617 sed
746 1577 801 1617 ut
838 1576 995 1630 possit.
1053 1577 1108 1618 Id
1146 1578 1303 1619 autem
1339 1576 1541 1619 maxime

276 1640 363 1682 hoc
382 1640 519 1682 modo
538 1635 882 1693 consequemur„

242 1767 265 1801 5
357 1758 481 1800 Nota
519 1757 578 1799 sit
616 1758 822 1812 primum
860 1757 1043 1801 dicendi
1079 1758 1184 1812 via3
1230 1772 1378 1813 neque
1416 1759 1540 1802 enim

276 1822 407 1876 prius
437 1822 705 1875 contingere
736 1835 899 1864 cursus
929 1824 1081 1876 potest
1113 1837 1254 1876 quam
1287 1823 1541 1876 scierimus,

277 1900 368 1939 quo
388 1886 449 1928 sit
469 1888 514 1928 et
535 1900 627 1939 qua
654 1886 1028 1940 perveniendum.
1086 1887 1180 1929 Nec
1209 1888 1321 1930 satis
1349 1889 1419 1930 est
1446 1902 1540 1931 non

275 1949 489 2003 ignorare
510 1951 627 2003 quae
651 1949 745 1992 sint
776 1963 1022 1992 causarum
1051 1950 1342 1994 iudicialium
1371 1954 1540 2006 partes,

276 2016 357 2056 aut
383 2014 708 2067 quaestionum
727 2014 936 2057 ordinem
959 2017 1080 2057 recte
1108 2015 1362 2070 disponere,
1380 2030 1539 2071 quam—

275 2092 416 2132 quam
435 2079 526 2120 ista
553 2079 646 2121 sint
675 2079 948 2133 praecipua3
977 2079 1055 2121 sed
1086 2080 1198 2133 quid
1228 2094 1409 2134 quoque
1438 2081 1539 2124 1000

275 2143 480 2197 primum
512 2144 573 2185 sit
606 2157 658 2185 ac
690 2143 944 2186 secundum
976 2146 1021 2186 et
1055 2144 1267 2199 deinceps
1281 2162 1291 2198 ;
1321 2159 1439 2199 quae
1471 2146 1538 2188 ita

275 2210 385 2249 sunt
423 2210 593 2250 natura
622 2208 850 2263 copulata,
883 2210 937 2250 ut
973 2210 1148 2250 mutari
1185 2211 1267 2251 aut
1304 2210 1539 2253 intervelli

241 2285 264 2321 6
276 2271 374 2314 sine
394 2272 664 2314 confusione
684 2286 778 2314 non
796 2273 984 2326 possint.
1043 2273 1263 2327 Quisquis
1284 2276 1440 2317 autem
1459 2275 1538 2318 via

275 2336 410 2387 dicet,
430 2336 626 2378 ducetur
654 2339 762 2378 ante
790 2337 947 2379 omnia
975 2351 1131 2378 rerum
1153 2338 1255 2390 ipsa
1274 2339 1388 2381 serie
1407 2339 1537 2382 velut
