1696 2638
513 184 635 221 msr.
667 185 876 221 ORATOR.
907 185 951 229 X,
981 187 1014 229 5,
1044 186 1120 222 ae.
1399 187 1454 233 ἠ

183 298 417 343 neminem
437 298 573 341 credo
593 299 822 352 dubitare,
842 314 934 354 quo
960 300 1058 343 solo
1088 314 1255 354 genere
1286 301 1455 344 exerci-

182 364 376 407 tationis
396 364 569 406 dicitur
588 378 702 407 usus
722 379 818 407 esse
838 365 1084 420 Sulpicius.
1141 365 1264 407 Nam
1284 367 1330 408 et
1349 366 1454 408 sub-

182 429 308 471 limis
327 429 520 484 spiritus
544 429 757 480 attollere
777 429 1035 472 orationem
1059 431 1226 484 potest,
1246 432 1291 472 et
1310 431 1455 473 verba

182 494 363 548 poetica
395 494 612 537 libertate
643 495 892 537 audaciora
922 509 1016 537 non
1044 498 1350 550 praesumunt
1383 510 1454 539 ea-

183 558 288 604 dem
324 558 510 613 proprie
548 558 731 602 dicendi
769 559 1056 616 facultatem.
1131 559 1220 603 Sed
1258 562 1303 602 et
1339 559 1454 615 ipsis

183 621 424 664 sententiis
439 621 620 664 adicere
648 621 757 664 licet
777 622 1035 665 oratorium
1060 623 1204 665 robur
1218 625 1264 666 et
1283 624 1454 666 omissa

183 686 410 740 supplere,
440 684 589 729 effusa
618 687 946 741 substringere.
1016 688 1176 742 Neque
1206 702 1292 742 ego
1321 694 1487 743 para-5

182 751 391 806 phrasim
421 765 518 794 esse
548 751 983 806 interpretationem
1013 755 1201 795 tantum
1223 753 1345 805 volo,
1374 753 1454 796 sed

182 815 306 858 circa
334 816 517 858 eosdem
555 829 716 859 sensus
746 819 980 859 certamen
1012 819 1151 871 atque
1184 818 1454 861 aemulatio-

181 894 299 923 nem.
376 881 576 934 Ideoque
623 881 682 923 ab
729 880 824 923 mis
872 882 1109 934 dissentio,
1146 883 1228 936 qui
1274 886 1454 926 vertere

182 946 414 989 orationes
443 946 638 989 Latinas
658 948 834 999 vetant,
854 947 965 1001 quia
985 948 1174 1002 optimis
1203 949 1454 1003 occupatis,

181 1010 410 1065 quidquid
438 1010 574 1054 aliter
593 1011 863 1064 dixerimus,
882 1026 1064 1055 necesse
1083 1013 1146 1055 sit
1174 1026 1271 1055 esse
1289 1013 1453 1056 deteri—

181 1089 249 1118 us.
306 1076 429 1118 Nam
447 1089 596 1129 neque
617 1089 796 1131 semper
815 1078 884 1119 est
903 1077 1256 1132 desperandum,
1275 1078 1454 1132 aliquid

181 1140 291 1192 illis,
309 1154 427 1194 quae
446 1140 572 1183 dicta
591 1143 715 1193 sunt,
734 1141 900 1183 melius
928 1156 1061 1196 posse
1080 1142 1287 1196 reperiri,
1306 1157 1453 1196 neque

182 1204 296 1247 adeo
327 1205 536 1247 ieiunam
568 1219 622 1248 ac
654 1219 906 1260 pauperem
937 1209 1109 1249 natura
1141 1207 1454 1261 eloquentiam

182 1260 308 1321 fecit,
327 1271 382 1311 ut
401 1284 496 1312 una
515 1269 571 1313 de
590 1284 640 1313 re
658 1270 774 1313 bene
794 1269 886 1313 dici
906 1271 999 1313 nisi
1019 1272 1159 1314 semel
1178 1286 1273 1315 non
1294 1273 1452 1327 possit.

182 1335 287 1377 Nisi
315 1335 437 1378 forte
465 1335 750 1378 histrionum
777 1336 928 1378 multa
956 1336 1080 1379 circa
1107 1351 1242 1380 voces
1271 1337 1488 1380 easdemss

181 1401 365 1444 variare
385 1403 543 1455 gestus
563 1403 728 1456 potest,
743 1402 908 1444 orandi
926 1402 1081 1444 minor
1099 1403 1187 1454 vis,
1201 1405 1256 1445 ut
1270 1403 1455 1445 dicatur

182 1465 375 1519 aliquid,
393 1467 498 1520 post
527 1466 651 1519 quod
681 1466 732 1508 in
751 1466 911 1509 eadem
935 1467 1133 1509 materia
1151 1467 1272 1509 nihil
1302 1467 1454 1510 dicen-

181 1530 295 1573 dum
315 1531 388 1574 sit.
446 1531 534 1575 Sed
553 1534 665 1583 esto,
684 1545 832 1585 neque
851 1532 1019 1574 melius
1037 1532 1162 1586 quod
1187 1533 1453 1576 invenimus

182 1609 278 1638 esse
298 1609 447 1650 neque
466 1610 564 1650 par,
584 1599 653 1639 est
673 1598 795 1639 certe
814 1597 1040 1651 proximis
1059 1597 1200 1641 locus.
1248 1598 1328 1639 An
1342 1612 1453 1641 vero
1466 1604 1488 1638 7

181 1660 272 1715 ipsi
303 1674 397 1703 non
426 1661 499 1703 bis
525 1675 578 1703 ac
609 1662 792 1716 saepius
823 1661 879 1704 de
909 1661 1068 1704 eadem
1098 1662 1377 1705 redicimus
1407 1666 1453 1706 et

181 1725 369 1779 quidem
384 1726 629 1768 continuas
649 1740 1000 1780 nonnumquam
1016 1727 1270 1769 sententias
1289 1729 1307 1770 ?
1348 1728 1453 1770 Nisi

182 1790 303 1832 forte
337 1790 612 1833 contendere
645 1791 888 1833 nobiscum
921 1805 1180 1845 possumus,
1210 1805 1317 1834 cum
1347 1792 1452 1834 aliis

111 1886 118 1893 .
182 1869 275 1897 non
294 1869 552 1909 possumus.
611 1855 733 1897 Nam
757 1856 796 1898 si
826 1870 922 1898 uno
952 1869 1119 1909 genere
1148 1856 1264 1899 bene
1283 1857 1452 1900 dicere-

181 1921 274 1971 tur,
289 1920 362 1962 fas
381 1922 480 1962 erat
500 1920 760 1963 existimari
779 1921 1070 1975 praeclusam
1089 1921 1224 1963 nobis
1243 1935 1271 1964 a
1289 1922 1453 1976 priori-

181 1984 271 2026 bus
299 1984 452 2038 viam3
491 1999 616 2027 nunc
647 1999 758 2027 vero
790 1985 1154 2028 innumerabiles
1187 1988 1297 2028 sunt
1327 1987 1453 2029 modi

182 2048 501 2103 plurimaeque
531 2050 691 2092 eodem
719 2049 824 2092 viae
856 2049 1046 2094 ducunt.
1104 2050 1198 2094 Sua
1229 2051 1486 2094 brevitati8

183 2114 350 2167 gratia,
370 2128 455 2156 sua
474 2115 656 2169 copiae3
685 2115 779 2157 alia
797 2115 1038 2157 translatis
1057 2116 1224 2168 virtus,
1239 2115 1332 2158 alia
1350 2130 1452 2170 pro-

182 2178 321 2233 priis3
357 2179 444 2221 hoc
494 2179 642 2221 oratio
691 2181 829 2231 recta,
866 2179 985 2221 iHud
1033 2180 1185 2234 figura
1222 2180 1453 2223 declinata

183 2244 486 2287 commendat.
544 2244 651 2298 Ipsa
681 2244 879 2298 denique
908 2244 1160 2287 utilissima
1185 2248 1254 2288 est
1284 2245 1453 2288 exerci-

183 2308 352 2350 tationi
382 2308 642 2352 difficultas.
700 2309 838 2363 Quid,
863 2310 987 2364 quod
1017 2313 1228 2353 auctores
1258 2310 1453 2353 maximi

184 2373 249 2416 sic
264 2373 538 2428 diligentius
558 2377 937 2428 cognoscuntur?
993 2376 1098 2418 Non
1127 2375 1251 2418 enim
1280 2375 1454 2431 scripta
