1696 2638
253 164 310 207 92
400 188 417 208 .
546 161 667 197 INST.
700 161 908 197 ORATOR.
940 161 1024 204 ΧΗ,
1056 163 1086 203 2,
1116 162 1235 198 21-24.

251 288 358 316 rum
387 276 548 329 putem
578 275 724 316 fuisse
747 274 874 327 (nam
904 274 1001 316 fere
1034 274 1099 316 sic
1133 274 1257 316 docti
1286 274 1517 318 iudicave-

251 341 377 391 runt,
406 339 664 393 plurimum
691 339 742 380 in
770 352 822 380 eo
853 339 1100 390 virtutum,
1129 338 1344 380 nonnihil
1374 339 1519 382 fuisse

251 404 491 455 vitiorum,
510 405 556 446 et
584 404 682 457 ipse
703 416 749 445 se
768 402 919 444 multa
939 418 994 445 ex
1014 402 1211 444 iuvenili
1232 402 1519 445 abundantia

252 468 504 510 coercuisse
523 467 739 520 testatur)
757 484 766 510 :
796 469 965 518 tamen,
985 467 1170 520 quando
1189 481 1272 509 nec
1298 467 1519 521 sapientis

253 533 341 574 sibi
371 546 552 583 nomen,
583 532 775 573 minime
807 532 880 573 sui
911 533 1214 585 contemptor,
1234 531 1441 573 adseruit
1473 534 1519 573 et

251 596 417 639 melius
438 596 602 647 dicere,
622 598 743 638 certe
763 595 872 637 data
894 595 1102 649 longiore
1122 596 1223 638 vita
1241 597 1287 638 et
1314 597 1518 649 tempore

251 661 311 703 ad
330 661 697 715 componendum
719 660 960 715 securiore,
981 661 1222 714 potuisset,
1240 674 1334 702 non
1356 660 1519 714 malig-

251 740 309 768 ne
328 726 601 768 crediderim
617 725 818 768 defuisse
834 725 876 767 ei
893 739 1122 767 summam
1142 725 1286 777 illam,
1301 725 1360 767 ad
1379 738 1519 778 quam

195 799 236 833 21
252 804 385 833 nemo
414 790 604 844 propius
625 790 826 832 accessit.
885 790 947 831 Et
966 789 1149 841 licebat,
1169 790 1208 831 si
1227 789 1363 831 aliter
1382 789 1519 831 senti-

252 869 363 907 rem,
391 855 562 896 fortius
590 854 639 896 id
677 854 961 908 liberiusque
990 854 1245 896 defendere.
1302 854 1381 895 An
1409 867 1519 896 vero

253 921 314 963 M.
349 920 585 962 Antonius
619 920 852 961 neminem
885 933 912 960 a
946 933 992 960 se
1025 919 1181 961 visum
1214 918 1518 971 eloquentem,

252 984 375 1038 quod
403 986 535 1026 tanto
563 984 719 1025 minus
746 985 858 1034 erat,
877 983 1112 1037 professus
1132 985 1224 1035 est;
1253 983 1351 1036 ipse
1379 982 1519 1024 etiam

253 1049 314 1092 M.
336 1049 518 1090 Tullius
539 1049 721 1102 quaerit
750 1048 902 1090 adhuc
932 1061 1051 1098 eum,
1071 1049 1116 1089 et
1144 1049 1330 1088 tantum
1357 1047 1520 1100 imagi-

251 1116 392 1156 natur
420 1128 472 1156 ac
504 1114 662 1167 fingit:
694 1127 778 1166 ego
807 1126 901 1154 non
930 1112 1126 1154 audeam
1154 1111 1318 1162 dicere,
1341 1111 1520 1165 aliquid

251 1179 302 1220 in
331 1178 432 1230 hac,
451 1192 568 1232 quae
599 1179 820 1232 superest,
849 1176 1122 1219 aeternitate
1154 1175 1358 1217 inveniri
1389 1189 1520 1230 posse

196 1252 240 1286 22
253 1257 318 1295 eo,
355 1243 478 1296 quod
515 1243 675 1294 fuerit,
711 1242 1000 1296 perfectius?
1055 1241 1257 1282 Transeo
1290 1239 1409 1291 illos,
1439 1239 1520 1293 qui

253 1307 464 1351 Ciceroni
484 1321 536 1349 ac
557 1307 858 1349 Demostheni
877 1320 935 1348 ne
963 1306 1014 1347 in
1042 1305 1305 1358 eloquentia
1333 1304 1520 1358 quidem

254 1373 366 1414 satis
398 1372 639 1425 tribuunt3
680 1385 964 1424 quamquam
1001 1384 1149 1423 neque
1182 1370 1273 1423 ipsi
1307 1369 1521 1412 Ciceroni

253 1437 584 1480 Demosthenes
604 1436 820 1478 videatur
850 1436 962 1477 satis
990 1449 1087 1477 esse
1115 1434 1364 1488 perfectus,
1382 1447 1521 1487 quem

253 1502 504 1544 dormitare
532 1501 722 1543 interim
742 1500 869 1551 dicit,
888 1514 971 1542 nec
1002 1500 1161 1543 Cicero
1182 1499 1330 1540 Bruto
1357 1498 1523 1542 Calvo-

253 1581 355 1621 que,
385 1568 466 1621 qui
498 1568 620 1608 certe
653 1565 1032 1619 compositionem
1064 1564 1193 1605 illius
1226 1563 1368 1605 etiam
1397 1562 1522 1616 apud

253 1632 408 1686 ipsum
427 1630 784 1685 reprehendunt,
803 1643 885 1671 nec
901 1629 1068 1670 Asinio
1087 1628 1287 1680 utrique,
1302 1627 1384 1680 qui
1402 1627 1521 1669 vitia

255 1697 477 1739 orationis
506 1696 606 1745 eius
634 1695 776 1737 etiam
803 1693 990 1736 inimice
1018 1693 1234 1748 pluribus
1261 1691 1376 1734 locis
1403 1691 1522 1734 inse-

254 1763 475 1815 quuntur.

199 1835 242 1869 23
336 1824 652 1869 Concedamus
683 1837 805 1875 sane,
828 1822 951 1877 quod
981 1822 1172 1864 minime
1205 1822 1376 1863 natura
1403 1820 1522 1875 pati-

254 1892 347 1942 tur,
366 1892 601 1944 repertum
620 1903 717 1931 esse
745 1888 947 1941 aliquem
966 1887 1143 1929 malum
1161 1886 1319 1928 virum
1344 1899 1521 1927 summe

255 1955 495 2006 disertum,
514 1954 664 1996 nihilo
691 1955 848 1995 tamen
876 1953 1032 1994 minus
1060 1953 1290 1993 oratorem
1312 1963 1419 1993 eum
1445 1964 1521 1992 ne-

255 2020 387 2073 gabo.
418 2021 419 2025 ’
444 2020 541 2061 Nec
569 2018 799 2069 omnibus,
818 2017 900 2071 qui
928 2016 1105 2058 fuerint
1132 2029 1277 2057 manu
1304 2015 1521 2069 prompti,

255 2085 348 2126 viri
381 2084 518 2126 fortis
549 2097 718 2125 nomen
745 2081 1062 2132 concesserim,
1081 2080 1192 2133 quia
1222 2080 1322 2121 sine
1344 2079 1520 2121 virtute

199 2148 464 2201 24intellegi
484 2162 577 2189 non
605 2149 757 2201 potest
776 2145 1018 2188 fortitudo.
1074 2145 1153 2186 An
1182 2144 1237 2195 ei,
1257 2143 1339 2197 qui
1358 2142 1418 2184 ad
1445 2142 1520 2185 de-

256 2213 508 2256 fendendas
541 2225 702 2254 causas
733 2211 1001 2260 advocatur,
1034 2223 1127 2250 non
1160 2210 1228 2250 est
1265 2221 1380 2261 opus
1417 2206 1520 2259 fide,

256 2291 396 2331 quam
415 2290 561 2329 neque
581 2275 811 2329 cupiditas
831 2275 1097 2326 corrumpat
1115 2286 1198 2314 nec
1218 2271 1372 2324 gratia
1390 2285 1519 2314 aver-

256 2344 328 2387 tat
354 2355 438 2387 nec
465 2343 616 2384 metus
645 2340 858 2393 frangat;
888 2338 965 2381 sed
993 2336 1289 2392 proditorem,
1315 2335 1519 2378 transfu-
