1696 2638
461 142 584 177 ms'r.
615 141 824 176 ORATOR.
855 140 940 182 ΧΗ,
970 140 1002 182 8,
1033 140 1110 174 3-6.
1145 134 1152 138 ’
1339 140 1424 184 117

152 257 391 313 pervertit,
416 256 497 310 qui
526 255 700 310 partim
729 257 971 308 tamquam
990 252 1203 307 occupati
1227 266 1424 307 semper-

152 336 241 376 que
259 321 389 364 aliud
407 320 643 371 habentes,
662 319 786 373 quod
805 321 912 361 ante
927 318 1161 372 agendum
1177 318 1250 369 sit,
1274 317 1424 371 pridie

152 387 211 429 ad
230 400 277 429 se
296 385 456 428 Venire
475 384 763 438 litigatorem
792 386 876 425 aut
905 383 1060 426 eodem
1091 383 1325 425 matutino
1352 382 1424 423 iu-

152 453 276 503 bent,
312 463 665 503 nonnumquam
705 449 848 491 etiam
893 448 1017 490 inter
1063 448 1166 502 ipsa
1204 446 1424 489 subsellia

153 516 367 558 didicisse
386 529 433 557 se
464 514 741 568 gloriantur,
771 513 946 568 partim
975 512 1201 567 iactantia
1230 512 1456 565 ingenii,3

152 584 205 622 ut
233 595 305 623 res
324 581 417 623 cito
436 579 663 634 accepisse
683 578 947 630 videantur,
966 579 1122 620 tenere
1142 591 1189 620 se
1215 579 1261 619 et
1289 576 1423 618 intel-

152 646 303 699 legere
334 645 466 699 prius
501 657 646 699 paene
676 657 817 697 quam
856 642 1051 684 audiant
1082 641 1283 693 mentiti,
1316 655 1423 684 cum

150 711 302 753 multa
320 713 366 753 et
395 710 565 753 diserte
584 709 870 761 summisque
894 707 1190 759 clamoribus,
1210 720 1328 760 quae
1347 720 1423 748 ne-

151 790 240 829 que
258 776 318 818 ad
345 775 545 817 iudicem
574 778 723 827 ne'que
743 773 802 815 ad
830 772 1117 826 litigatorem
1145 771 1423 826 pertineant,

151 841 529 891 decantaverunt,
566 839 682 881 bene
720 837 940 880 sudantes
976 837 1182 890 beneque
1213 835 1423 878 comitati

150 919 232 960 per
251 904 408 947 forum
436 904 735 946 reducuntur.
793 903 863 944 Ne
891 902 999 944 illas
1025 901 1214 955 quidem
1233 901 1458 943 tulerim4

151 970 339 1013 delicias
376 983 550 1020 eorum,
580 968 662 1022 qui
700 967 853 1010 doceri
891 967 1064 1009 amicos
1103 980 1210 1008 suos
1246 966 1423 1018 iubent,

150 1049 434 1089 quamquam
466 1034 624 1075 minus
653 1032 767 1074 mali
805 1034 887 1083 est,
920 1032 960 1073 si
993 1031 1065 1073 illi
1103 1031 1268 1073 saltem
1300 1032 1423 1073 recte

151 1100 332 1142 discant
369 1101 581 1151 recteque
619 1097 825 1139 doceant.
883 1096 971 1139 Sed
1004 1095 1110 1149 quis
1142 1095 1288 1138 discet
1324 1097 1423 1137 tam

150 1166 266 1207 bene
291 1178 432 1218 quam
462 1164 726 1217 patronus?
782 1161 1024 1215 Quomodo
1055 1162 1212 1203 autem
1244 1173 1423 1214 seques-

149 1232 221 1272 ter
248 1229 328 1271 ille
348 1231 393 1271 et
420 1228 574 1270 media
601 1227 761 1268 litium
790 1239 958 1267 manus
987 1227 1033 1267 et
1061 1224 1254 1278 quidam
1282 1224 1423 1266 inter-

149 1309 255 1350 pres
283 1293 524 1348 ‚impendet
557 1305 703 1345 aequo
737 1291 894 1333 animo
933 1290 1140 1332 laborem
1166 1290 1218 1331 in
1247 1289 1423 1331 alienas

150 1360 367 1411 actiones,
386 1372 494 1401 cum
513 1356 709 1399 dicturis
736 1356 859 1398 tanti
880 1369 989 1397 suae
1008 1369 1103 1396 non
1132 1355 1226 1397 sint
1245 1356 1263 1397 Ρ
1317 1354 1423 1396 Pes·
1435 1360 1457 1394 5

151 1425 294 1467 simae
314 1437 424 1466 vero
444 1421 808 1472 consuetudinis,
829 1420 1002 1462 libellis
1023 1433 1119 1462 esse
1138 1421 1424 1470 contentum,

150 1489 266 1544 quos
285 1488 521 1543 componit
540 1490 623 1529 aut
647 1487 874 1540 litigator,
895 1485 977 1539 qui
1008 1485 1223 1538 confugit
1253 1484 1313 1526 ad
1344 1498 1423 1538 pa-

150 1557 354 1606 tronum,
372 1553 483 1607 quia
510 1552 586 1594 liti
615 1552 714 1606 ipse
734 1564 828 1593 non
858 1550 1042 1601 sufficit,
1062 1552 1144 1591 aut
1173 1549 1343 1602 aliquis
1366 1563 1423 1591 ex

151 1634 204 1662 eo
234 1632 400 1673 genere
430 1617 777 1667 advocatorum,
803 1615 884 1669 qui
919 1629 966 1657 se
998 1628 1092 1656 non
1122 1627 1254 1668 posse
1286 1627 1423 1667 agere

151 1684 444 1734 confitentur,
463 1681 627 1724 deinde
648 1680 829 1722 faciunt
848 1680 898 1721 id
926 1679 1051 1733 quod
1079 1681 1148 1721 est
1173 1678 1225 1720 in
1243 1678 1424 1732 agendo

151 1748 492 1792 difficillimum.
549 1746 673 1788 Nam
691 1745 773 1798 qui
792 1744 1013 1795 iudicare,
1028 1742 1142 1796 quid
1162 1742 1424 1794 dicendum,

151 1813 264 1868 quid
293 1811 698 1862 dissimulandum,
726 1809 840 1863 quid
869 1807 1212 1860 declinandum,
1239 1810 1424 1849 mutan-

151 1879 278 1930 dum,
310 1877 581 1931 fingendum
618 1875 761 1918 etiam
799 1875 874 1926 sit,
910 1875 1076 1928 potest,
1113 1886 1197 1915 cur
1229 1886 1324 1914 non
1361 1873 1423 1914 sit

152 1946 320 1995 orator,
366 1941 565 1996 quando,
611 1940 735 1994 quod
782 1939 1017 1981 difficilius
1064 1940 1146 1990 est,
1192 1940 1423 1980 oratorem

153 2009 304 2051 facit?
358 2007 425 2050 Hi
452 2020 590 2061 porro
609 2019 704 2047 non
732 2006 919 2046 tantum
946 2005 1179 2054 nocerent,
1199 2003 1238 2045 si
1267 2003 1458 2048 omniafl

153 2074 419 2124 scriberent,
455 2072 527 2114 uti
565 2073 696 2125 gesta
734 2071 855 2111 sunt.
925 2069 1062 2110 Nunc
1095 2068 1345 2110 consilium
1378 2070 1424 2110 et

153 2138 325 2181 colores
344 2137 554 2179 adiciunt
573 2138 618 2178 et
638 2135 796 2188 aliqua
815 2134 973 2188 peiora
991 2133 1131 2184 veris,
1150 2147 1268 2186 quae
1287 2132 1424 2187 pleri-

153 2217 241 2258 que
270 2217 377 2246 cum
410 2202 698 2255 acceperunt,
727 2200 978 2241 immutare
1010 2198 1143 2240 nefas
1172 2198 1348 2240 habent
1377 2199 1424 2240 et

153 2268 284 2310 velut
342 2267 552 2319 themata
610 2265 661 2306 in
714 2263 884 2306 scholis
940 2263 1094 2316 posita
1141 2262 1422 2306 custodiunt.

154 2332 331 2376 Deinde
349 2329 758 2386 deprehenduntur
782 2330 841 2379 et,
860 2341 1061 2379 causam,
1080 2341 1222 2381 quam
1249 2327 1424 2370 discere
