<?xml version="1.0" encoding="UTF-8"?>
<!DOCTYPE html PUBLIC "-//W3C//DTD XHTML 1.0 Transitional//EN"
    "http://www.w3.org/TR/xhtml1/DTD/xhtml1-transitional.dtd">
<html xmlns="http://www.w3.org/1999/xhtml" xml:lang="en" lang="en">
 <head>
  <title>
</title>
<meta http-equiv="Content-Type" content="text/html;charset=utf-8" />
  <meta name='ocr-system' content='tesseract 3.04.00' />
  <meta name='ocr-capabilities' content='ocr_page ocr_carea ocr_par ocr_line ocrx_word'/>
</head>
<body>
  <div class='ocr_page' id='page_1' title='image "./tenthtwelfthbook00quinuoft_0085.png"; bbox 0 0 1696 2638; ppageno 0'>
   <div class='ocr_carea' id='block_1_1' title="bbox 494 171 1461 217">
    <p class='ocr_par' dir='ltr' id='par_1_1' title="bbox 494 171 1461 217">
     <span class='ocr_line' id='line_1_1' title="bbox 494 171 1461 217; baseline 0.001 -9"><span class='ocrx_word' id='word_1_1' title='bbox 494 172 616 208; x_wconf 80' lang='lat' dir='ltr'>INST.</span> <span class='ocrx_word' id='word_1_2' title='bbox 647 172 856 208; x_wconf 81' lang='lat' dir='ltr'><strong>ORATOR.</strong></span> <span class='ocrx_word' id='word_1_3' title='bbox 887 171 931 215; x_wconf 85' lang='lat' dir='ltr'>X,</span> <span class='ocrx_word' id='word_1_4' title='bbox 963 173 994 215; x_wconf 76' lang='lat'>7,</span> <span class='ocrx_word' id='word_1_5' title='bbox 1027 172 1147 208; x_wconf 84' lang='lat'><strong>16-19.</strong></span> <span class='ocrx_word' id='word_1_6' title='bbox 1406 174 1461 217; x_wconf 87' lang='lat'>81</span> 
     </span>
    </p>
   </div>
   <div class='ocr_carea' id='block_1_2' title="bbox 180 285 1516 2349">
    <p class='ocr_par' dir='ltr' id='par_1_2' title="bbox 182 285 1516 1639">
     <span class='ocr_line' id='line_1_2' title="bbox 191 285 1461 340; baseline -0.002 -9"><span class='ocrx_word' id='word_1_7' title='bbox 191 301 308 340; x_wconf 86' lang='lat' dir='ltr'>mus,</span> <span class='ocrx_word' id='word_1_8' title='bbox 341 287 602 340; x_wconf 80' lang='lat' dir='ltr'>omniaque,</span> <span class='ocrx_word' id='word_1_9' title='bbox 635 285 692 328; x_wconf 91' lang='lat' dir='ltr'>de</span> <span class='ocrx_word' id='word_1_10' title='bbox 729 286 900 340; x_wconf 91' lang='lat' dir='ltr'>quibus</span> <span class='ocrx_word' id='word_1_11' title='bbox 933 286 1108 328; x_wconf 89' lang='lat' dir='ltr'>dicturi</span> <span class='ocrx_word' id='word_1_12' title='bbox 1141 286 1329 338; x_wconf 90' lang='lat' dir='ltr'>erimus,</span> <span class='ocrx_word' id='word_1_13' title='bbox 1360 300 1461 340; x_wconf 88' lang='lat' dir='ltr'>per-</span> 
     </span>
     <span class='ocr_line' id='line_1_3' title="bbox 190 351 1462 406; baseline -0.002 -10"><span class='ocrx_word' id='word_1_14' title='bbox 190 367 342 404; x_wconf 82' lang='lat' dir='ltr'>sonae,</span> <span class='ocrx_word' id='word_1_15' title='bbox 362 351 668 406; x_wconf 78' lang='lat' dir='ltr'>quaestiones,</span> <span class='ocrx_word' id='word_1_16' title='bbox 689 364 805 405; x_wconf 91' lang='lat' dir='ltr'>spes,</span> <span class='ocrx_word' id='word_1_17' title='bbox 824 353 977 394; x_wconf 90' lang='lat' dir='ltr'>metus</span> <span class='ocrx_word' id='word_1_18' title='bbox 996 351 1212 393; x_wconf 90' lang='lat' dir='ltr'>habenda</span> <span class='ocrx_word' id='word_1_19' title='bbox 1230 351 1281 392; x_wconf 90' lang='lat' dir='ltr'>in</span> <span class='ocrx_word' id='word_1_20' title='bbox 1301 351 1462 403; x_wconf 88' lang='lat' dir='ltr'>oculis,</span> 
     </span>
     <span class='ocr_line' id='line_1_4' title="bbox 189 415 1462 472; baseline -0.003 -11"><span class='ocrx_word' id='word_1_21' title='bbox 189 418 240 461; x_wconf 90' lang='lat' dir='ltr'>in</span> <span class='ocrx_word' id='word_1_22' title='bbox 276 417 488 460; x_wconf 84' lang='lat' dir='ltr'>adfectus</span> <span class='ocrx_word' id='word_1_23' title='bbox 525 415 816 470; x_wconf 83' lang='lat' dir='ltr'>recipienda3</span> <span class='ocrx_word' id='word_1_24' title='bbox 863 417 1025 470; x_wconf 89' lang='lat' dir='ltr'>pectus</span> <span class='ocrx_word' id='word_1_25' title='bbox 1062 417 1132 458; x_wconf 91' lang='lat' dir='ltr'>est</span> <span class='ocrx_word' id='word_1_26' title='bbox 1169 415 1307 467; x_wconf 90' lang='lat' dir='ltr'>enim,</span> <span class='ocrx_word' id='word_1_27' title='bbox 1337 415 1462 472; x_wconf 90' lang='lat' dir='ltr'>quod</span> 
     </span>
     <span class='ocr_line' id='line_1_5' title="bbox 189 479 1461 534; baseline -0.003 -9"><span class='ocrx_word' id='word_1_28' title='bbox 189 482 384 525; x_wconf 89' lang='lat' dir='ltr'>disertos</span> <span class='ocrx_word' id='word_1_29' title='bbox 417 481 547 532; x_wconf 88' lang='lat' dir='ltr'>facit,</span> <span class='ocrx_word' id='word_1_30' title='bbox 570 482 616 522; x_wconf 93' lang='lat' dir='ltr'>et</span> <span class='ocrx_word' id='word_1_31' title='bbox 649 480 722 522; x_wconf 79' lang='lat' dir='ltr'>v&#39;is</span> <span class='ocrx_word' id='word_1_32' title='bbox 754 480 936 523; x_wconf 87' lang='lat' dir='ltr'>mentis.</span> <span class='ocrx_word' id='word_1_33' title='bbox 994 479 1195 533; x_wconf 82' lang='lat' dir='ltr'>Ideoque</span> <span class='ocrx_word' id='word_1_34' title='bbox 1231 480 1461 534; x_wconf 88' lang='lat' dir='ltr'>imperitis</span> 
     </span>
     <span class='ocr_line' id='line_1_6' title="bbox 189 545 1461 601; baseline -0.002 -12"><span class='ocrx_word' id='word_1_35' title='bbox 189 560 384 601; x_wconf 91' lang='lat' dir='ltr'>quoque,</span> <span class='ocrx_word' id='word_1_36' title='bbox 418 546 458 588; x_wconf 90' lang='lat' dir='ltr'>si</span> <span class='ocrx_word' id='word_1_37' title='bbox 494 545 632 587; x_wconf 90' lang='lat' dir='ltr'>modo</span> <span class='ocrx_word' id='word_1_38' title='bbox 669 546 765 587; x_wconf 89' lang='lat' dir='ltr'>sint</span> <span class='ocrx_word' id='word_1_39' title='bbox 802 545 961 599; x_wconf 91' lang='lat' dir='ltr'>aliquo</span> <span class='ocrx_word' id='word_1_40' title='bbox 998 545 1189 588; x_wconf 88' lang='lat' dir='ltr'>adfectu</span> <span class='ocrx_word' id='word_1_41' title='bbox 1227 545 1461 597; x_wconf 86' lang='lat' dir='ltr'>concitati,</span> 
     </span>
     <span class='ocr_line' id='line_1_7' title="bbox 188 604 1516 661; baseline -0.002 -7"><span class='ocrx_word' id='word_1_42' title='bbox 188 604 332 654; x_wconf 86' lang='lat' dir='ltr'>verba</span> <span class='ocrx_word' id='word_1_43' title='bbox 367 625 462 653; x_wconf 94' lang='lat' dir='ltr'>non</span> <span class='ocrx_word' id='word_1_44' title='bbox 498 610 678 653; x_wconf 89' lang='lat' dir='ltr'>desunt.</span> <span class='ocrx_word' id='word_1_45' title='bbox 749 610 871 652; x_wconf 91' lang='lat' dir='ltr'>Tum</span> <span class='ocrx_word' id='word_1_46' title='bbox 906 610 1218 653; x_wconf 78' lang='lat' dir='ltr'>intendendus</span> <span class='ocrx_word' id='word_1_47' title='bbox 1262 610 1461 661; x_wconf 88' lang='lat' dir='ltr'>animus,</span> <span class='ocrx_word' id='word_1_48' title='bbox 1474 623 1516 657; x_wconf 85' lang='lat'>16</span> 
     </span>
     <span class='ocr_line' id='line_1_8' title="bbox 188 674 1460 730; baseline -0.002 -12"><span class='ocrx_word' id='word_1_49' title='bbox 188 691 283 719; x_wconf 94' lang='lat' dir='ltr'>non</span> <span class='ocrx_word' id='word_1_50' title='bbox 311 677 361 718; x_wconf 91' lang='lat' dir='ltr'>in</span> <span class='ocrx_word' id='word_1_51' title='bbox 391 676 599 730; x_wconf 86' lang='lat' dir='ltr'>aliquam</span> <span class='ocrx_word' id='word_1_52' title='bbox 628 689 727 718; x_wconf 91' lang='lat' dir='ltr'>rem</span> <span class='ocrx_word' id='word_1_53' title='bbox 757 689 916 726; x_wconf 90' lang='lat' dir='ltr'>unam,</span> <span class='ocrx_word' id='word_1_54' title='bbox 935 675 1014 717; x_wconf 87' lang='lat' dir='ltr'>sed</span> <span class='ocrx_word' id='word_1_55' title='bbox 1047 675 1098 716; x_wconf 88' lang='lat' dir='ltr'>in</span> <span class='ocrx_word' id='word_1_56' title='bbox 1130 674 1286 729; x_wconf 89' lang='lat' dir='ltr'>plures</span> <span class='ocrx_word' id='word_1_57' title='bbox 1319 674 1460 717; x_wconf 91' lang='lat' dir='ltr'>simul</span> 
     </span>
     <span class='ocr_line' id='line_1_9' title="bbox 187 739 1460 795; baseline -0.002 -11"><span class='ocrx_word' id='word_1_58' title='bbox 187 742 433 784; x_wconf 89' lang='lat' dir='ltr'>continuas</span> <span class='ocrx_word' id='word_1_59' title='bbox 449 758 460 794; x_wconf 91' lang='lat'>;</span> <span class='ocrx_word' id='word_1_60' title='bbox 488 743 556 792; x_wconf 92' lang='lat' dir='ltr'>ut,</span> <span class='ocrx_word' id='word_1_61' title='bbox 576 741 616 783; x_wconf 93' lang='lat' dir='ltr'>si</span> <span class='ocrx_word' id='word_1_62' title='bbox 634 754 717 795; x_wconf 87' lang='lat' dir='ltr'>per</span> <span class='ocrx_word' id='word_1_63' title='bbox 736 740 943 794; x_wconf 88' lang='lat' dir='ltr'>aliquam</span> <span class='ocrx_word' id='word_1_64' title='bbox 963 742 1137 782; x_wconf 90' lang='lat' dir='ltr'>rectam</span> <span class='ocrx_word' id='word_1_65' title='bbox 1157 739 1285 782; x_wconf 82' lang='lat' dir='ltr'>viam</span> <span class='ocrx_word' id='word_1_66' title='bbox 1304 739 1460 782; x_wconf 87' lang='lat' dir='ltr'>mitta-</span> 
     </span>
     <span class='ocr_line' id='line_1_10' title="bbox 187 804 1460 858; baseline -0.002 -9"><span class='ocrx_word' id='word_1_67' title='bbox 187 820 291 849; x_wconf 88' lang='lat' dir='ltr'>mus</span> <span class='ocrx_word' id='word_1_68' title='bbox 311 806 482 857; x_wconf 91' lang='lat' dir='ltr'>oculos,</span> <span class='ocrx_word' id='word_1_69' title='bbox 497 805 638 848; x_wconf 89' lang='lat' dir='ltr'>simul</span> <span class='ocrx_word' id='word_1_70' title='bbox 658 805 816 848; x_wconf 90' lang='lat' dir='ltr'>omnia</span> <span class='ocrx_word' id='word_1_71' title='bbox 835 818 954 858; x_wconf 92' lang='lat' dir='ltr'>quae</span> <span class='ocrx_word' id='word_1_72' title='bbox 974 807 1085 847; x_wconf 91' lang='lat' dir='ltr'>sunt</span> <span class='ocrx_word' id='word_1_73' title='bbox 1104 805 1155 846; x_wconf 92' lang='lat' dir='ltr'>in</span> <span class='ocrx_word' id='word_1_74' title='bbox 1174 818 1228 847; x_wconf 90' lang='lat' dir='ltr'>ea</span> <span class='ocrx_word' id='word_1_75' title='bbox 1246 804 1460 858; x_wconf 89' lang='lat' dir='ltr'>circaque</span> 
     </span>
     <span class='ocr_line' id='line_1_11' title="bbox 186 869 1459 922; baseline -0.002 -9"><span class='ocrx_word' id='word_1_76' title='bbox 186 871 439 922; x_wconf 88' lang='lat' dir='ltr'>intuemur,</span> <span class='ocrx_word' id='word_1_77' title='bbox 458 884 554 912; x_wconf 94' lang='lat' dir='ltr'>non</span> <span class='ocrx_word' id='word_1_78' title='bbox 571 870 796 912; x_wconf 90' lang='lat' dir='ltr'>ultimum</span> <span class='ocrx_word' id='word_1_79' title='bbox 824 872 1012 911; x_wconf 88' lang='lat' dir='ltr'>tantum</span> <span class='ocrx_word' id='word_1_80' title='bbox 1031 869 1259 921; x_wconf 82' lang='lat' dir='ltr'>videmus,</span> <span class='ocrx_word' id='word_1_81' title='bbox 1278 869 1358 911; x_wconf 91' lang='lat' dir='ltr'>sed</span> <span class='ocrx_word' id='word_1_82' title='bbox 1384 883 1459 912; x_wconf 89' lang='lat' dir='ltr'>us-</span> 
     </span>
     <span class='ocr_line' id='line_1_12' title="bbox 186 934 1459 990; baseline -0.002 -11"><span class='ocrx_word' id='word_1_83' title='bbox 186 950 275 990; x_wconf 93' lang='lat' dir='ltr'>que</span> <span class='ocrx_word' id='word_1_84' title='bbox 294 936 353 978; x_wconf 91' lang='lat' dir='ltr'>ad</span> <span class='ocrx_word' id='word_1_85' title='bbox 380 936 615 978; x_wconf 87' lang='lat' dir='ltr'>ultimum.</span> <span class='ocrx_word' id='word_1_86' title='bbox 672 935 822 978; x_wconf 89' lang='lat' dir='ltr'>Addit</span> <span class='ocrx_word' id='word_1_87' title='bbox 849 934 909 977; x_wconf 88' lang='lat' dir='ltr'>ad</span> <span class='ocrx_word' id='word_1_88' title='bbox 937 934 1186 977; x_wconf 91' lang='lat' dir='ltr'>dicendum</span> <span class='ocrx_word' id='word_1_89' title='bbox 1205 935 1347 977; x_wconf 90' lang='lat' dir='ltr'>etiam</span> <span class='ocrx_word' id='word_1_90' title='bbox 1374 948 1459 989; x_wconf 94' lang='lat' dir='ltr'>pu-</span> 
     </span>
     <span class='ocr_line' id='line_1_13' title="bbox 185 999 1459 1054; baseline -0.001 -11"><span class='ocrx_word' id='word_1_91' title='bbox 185 1001 270 1044; x_wconf 94' lang='lat' dir='ltr'>dor</span> <span class='ocrx_word' id='word_1_92' title='bbox 299 1001 528 1052; x_wconf 88' lang='lat' dir='ltr'>stimulos,</span> <span class='ocrx_word' id='word_1_93' title='bbox 546 999 818 1054; x_wconf 64' lang='lat' dir='ltr'>mirumque⁴</span> <span class='ocrx_word' id='word_1_94' title='bbox 831 1000 981 1042; x_wconf 86' lang='lat' dir='ltr'>videri</span> <span class='ocrx_word' id='word_1_95' title='bbox 1009 1002 1175 1054; x_wconf 91' lang='lat' dir='ltr'>potest,</span> <span class='ocrx_word' id='word_1_96' title='bbox 1194 1000 1332 1053; x_wconf 92' lang='lat' dir='ltr'>quod,</span> <span class='ocrx_word' id='word_1_97' title='bbox 1351 1014 1459 1042; x_wconf 92' lang='lat' dir='ltr'>cum</span> 
     </span>
     <span class='ocr_line' id='line_1_14' title="bbox 186 1065 1458 1119; baseline 0 -11"><span class='ocrx_word' id='word_1_98' title='bbox 186 1066 323 1108; x_wconf 86' lang='lat' dir='ltr'>stilus</span> <span class='ocrx_word' id='word_1_99' title='bbox 356 1068 530 1108; x_wconf 88' lang='lat' dir='ltr'>secreto</span> <span class='ocrx_word' id='word_1_100' title='bbox 563 1065 766 1119; x_wconf 90' lang='lat' dir='ltr'>gaudeat</span> <span class='ocrx_word' id='word_1_101' title='bbox 798 1067 938 1119; x_wconf 89' lang='lat' dir='ltr'>atque</span> <span class='ocrx_word' id='word_1_102' title='bbox 971 1065 1122 1107; x_wconf 89' lang='lat' dir='ltr'>omnis</span> <span class='ocrx_word' id='word_1_103' title='bbox 1156 1065 1358 1107; x_wconf 86' lang='lat' dir='ltr'>arbitros</span> <span class='ocrx_word' id='word_1_104' title='bbox 1390 1078 1458 1108; x_wconf 85' lang='lat' dir='ltr'>re-</span> 
     </span>
     <span class='ocr_line' id='line_1_15' title="bbox 186 1130 1458 1184; baseline -0.001 -10"><span class='ocrx_word' id='word_1_105' title='bbox 186 1131 420 1182; x_wconf 82' lang='lat' dir='ltr'>formidet,</span> <span class='ocrx_word' id='word_1_106' title='bbox 440 1130 767 1184; x_wconf 89' lang='lat' dir='ltr'>extemporalis</span> <span class='ocrx_word' id='word_1_107' title='bbox 796 1130 917 1172; x_wconf 90' lang='lat' dir='ltr'>actio</span> <span class='ocrx_word' id='word_1_108' title='bbox 946 1130 1215 1172; x_wconf 90' lang='lat' dir='ltr'>auditorum</span> <span class='ocrx_word' id='word_1_109' title='bbox 1244 1130 1458 1183; x_wconf 89' lang='lat' dir='ltr'>frequen-</span> 
     </span>
     <span class='ocr_line' id='line_1_16' title="bbox 184 1190 1514 1249; baseline -0.001 -11"><span class='ocrx_word' id='word_1_110' title='bbox 184 1190 265 1248; x_wconf 86' lang='lat' dir='ltr'>tia,</span> <span class='ocrx_word' id='word_1_111' title='bbox 279 1199 334 1238; x_wconf 90' lang='lat' dir='ltr'>ut</span> <span class='ocrx_word' id='word_1_112' title='bbox 352 1196 486 1238; x_wconf 89' lang='lat' dir='ltr'>miles</span> <span class='ocrx_word' id='word_1_113' title='bbox 506 1197 730 1249; x_wconf 90' lang='lat' dir='ltr'>congestu</span> <span class='ocrx_word' id='word_1_114' title='bbox 745 1196 1001 1249; x_wconf 90' lang='lat' dir='ltr'>signorum,</span> <span class='ocrx_word' id='word_1_115' title='bbox 1017 1195 1262 1238; x_wconf 90' lang='lat' dir='ltr'>excitatur.</span> <span class='ocrx_word' id='word_1_116' title='bbox 1316 1195 1457 1237; x_wconf 88' lang='lat' dir='ltr'>Nam·</span> <span class='ocrx_word' id='word_1_117' title='bbox 1470 1208 1514 1243; x_wconf 80' lang='lat'>17</span> 
     </span>
     <span class='ocr_line' id='line_1_17' title="bbox 184 1259 1458 1315; baseline -0.001 -12"><span class='ocrx_word' id='word_1_118' title='bbox 184 1275 274 1315; x_wconf 91' lang='lat' dir='ltr'>que</span> <span class='ocrx_word' id='word_1_119' title='bbox 311 1263 358 1303; x_wconf 89' lang='lat' dir='ltr'>et</span> <span class='ocrx_word' id='word_1_120' title='bbox 403 1260 711 1302; x_wconf 86' lang='lat' dir='ltr'>difficiliorem</span> <span class='ocrx_word' id='word_1_121' title='bbox 766 1259 1098 1313; x_wconf 86' lang='lat' dir='ltr'>cogitationem</span> <span class='ocrx_word' id='word_1_122' title='bbox 1143 1259 1364 1314; x_wconf 84' lang='lat' dir='ltr'>exprimit</span> <span class='ocrx_word' id='word_1_123' title='bbox 1411 1262 1458 1302; x_wconf 89' lang='lat' dir='ltr'>et</span> 
     </span>
     <span class='ocr_line' id='line_1_18' title="bbox 185 1324 1457 1380; baseline -0.002 -12"><span class='ocrx_word' id='word_1_124' title='bbox 185 1325 375 1380; x_wconf 88' lang='lat' dir='ltr'>expellit</span> <span class='ocrx_word' id='word_1_125' title='bbox 407 1325 591 1367; x_wconf 87' lang='lat' dir='ltr'>dicendi</span> <span class='ocrx_word' id='word_1_126' title='bbox 619 1325 882 1376; x_wconf 85' lang='lat' dir='ltr'>necessitas,</span> <span class='ocrx_word' id='word_1_127' title='bbox 916 1326 962 1367; x_wconf 93' lang='lat' dir='ltr'>et</span> <span class='ocrx_word' id='word_1_128' title='bbox 995 1324 1220 1367; x_wconf 89' lang='lat' dir='ltr'>secundos</span> <span class='ocrx_word' id='word_1_129' title='bbox 1254 1324 1457 1378; x_wconf 88' lang='lat' dir='ltr'>impetus</span> 
     </span>
     <span class='ocr_line' id='line_1_19' title="bbox 184 1389 1458 1444; baseline -0.001 -12"><span class='ocrx_word' id='word_1_130' title='bbox 184 1392 326 1444; x_wconf 88' lang='lat' dir='ltr'>auget</span> <span class='ocrx_word' id='word_1_131' title='bbox 371 1389 584 1444; x_wconf 89' lang='lat' dir='ltr'>placendi</span> <span class='ocrx_word' id='word_1_132' title='bbox 631 1389 812 1443; x_wconf 90' lang='lat' dir='ltr'>cupido.</span> <span class='ocrx_word' id='word_1_133' title='bbox 887 1389 1020 1432; x_wconf 90' lang='lat' dir='ltr'>Adeo</span> <span class='ocrx_word' id='word_1_134' title='bbox 1057 1389 1261 1443; x_wconf 86' lang='lat' dir='ltr'>pretium</span> <span class='ocrx_word' id='word_1_135' title='bbox 1299 1389 1458 1432; x_wconf 89' lang='lat' dir='ltr'>omnia</span> 
     </span>
     <span class='ocr_line' id='line_1_20' title="bbox 185 1453 1457 1509; baseline -0.001 -13"><span class='ocrx_word' id='word_1_136' title='bbox 185 1456 408 1509; x_wconf 88' lang='lat' dir='ltr'>spectant,</span> <span class='ocrx_word' id='word_1_137' title='bbox 426 1456 480 1496; x_wconf 93' lang='lat' dir='ltr'>ut</span> <span class='ocrx_word' id='word_1_138' title='bbox 500 1453 763 1507; x_wconf 91' lang='lat' dir='ltr'>eloquentia</span> <span class='ocrx_word' id='word_1_139' title='bbox 782 1467 978 1507; x_wconf 89' lang='lat' dir='ltr'>quoque,</span> <span class='ocrx_word' id='word_1_140' title='bbox 997 1467 1282 1508; x_wconf 90' lang='lat' dir='ltr'>quamquam</span> <span class='ocrx_word' id='word_1_141' title='bbox 1310 1454 1457 1508; x_wconf 91' lang='lat' dir='ltr'>pluri-</span> 
     </span>
     <span class='ocr_line' id='line_1_21' title="bbox 183 1518 1456 1572; baseline -0.001 -11"><span class='ocrx_word' id='word_1_142' title='bbox 183 1533 315 1561; x_wconf 90' lang='lat' dir='ltr'>mum</span> <span class='ocrx_word' id='word_1_143' title='bbox 360 1519 530 1561; x_wconf 89' lang='lat' dir='ltr'>habeat</span> <span class='ocrx_word' id='word_1_144' title='bbox 568 1519 618 1560; x_wconf 90' lang='lat' dir='ltr'>in</span> <span class='ocrx_word' id='word_1_145' title='bbox 657 1532 704 1561; x_wconf 89' lang='lat' dir='ltr'>se</span> <span class='ocrx_word' id='word_1_146' title='bbox 741 1518 1013 1572; x_wconf 87' lang='lat' dir='ltr'>voluptatis,</span> <span class='ocrx_word' id='word_1_147' title='bbox 1049 1519 1253 1562; x_wconf 86' lang='lat' dir='ltr'>maxime</span> <span class='ocrx_word' id='word_1_148' title='bbox 1298 1521 1456 1561; x_wconf 88' lang='lat' dir='ltr'>tamen</span> 
     </span>
     <span class='ocr_line' id='line_1_22' title="bbox 182 1583 1346 1639; baseline -0.001 -13"><span class='ocrx_word' id='word_1_149' title='bbox 182 1585 415 1639; x_wconf 90' lang='lat' dir='ltr'>praesenti</span> <span class='ocrx_word' id='word_1_150' title='bbox 435 1584 596 1626; x_wconf 89' lang='lat' dir='ltr'>fructu</span> <span class='ocrx_word' id='word_1_151' title='bbox 615 1583 770 1625; x_wconf 90' lang='lat' dir='ltr'>laudis</span> <span class='ocrx_word' id='word_1_152' title='bbox 790 1583 1116 1637; x_wconf 89' lang='lat' dir='ltr'>opinionisque</span> <span class='ocrx_word' id='word_1_153' title='bbox 1135 1583 1346 1626; x_wconf 88' lang='lat' dir='ltr'>ducatur.</span> 
     </span>
    </p>

    <p class='ocr_par' dir='ltr' id='par_1_3' title="bbox 180 1647 1512 2349">
     <span class='ocr_line' id='line_1_23' title="bbox 263 1647 1512 1702; baseline -0.001 -11"><span class='ocrx_word' id='word_1_154' title='bbox 263 1649 360 1691; x_wconf 89' lang='lat' dir='ltr'>Nec</span> <span class='ocrx_word' id='word_1_155' title='bbox 379 1648 629 1702; x_wconf 86' lang='lat' dir='ltr'>quisquam</span> <span class='ocrx_word' id='word_1_156' title='bbox 649 1650 837 1690; x_wconf 89' lang='lat' dir='ltr'>tantum</span> <span class='ocrx_word' id='word_1_157' title='bbox 857 1647 971 1690; x_wconf 90' lang='lat' dir='ltr'>fidat</span> <span class='ocrx_word' id='word_1_158' title='bbox 991 1647 1194 1701; x_wconf 90' lang='lat' dir='ltr'>ingenio,</span> <span class='ocrx_word' id='word_1_159' title='bbox 1213 1650 1268 1690; x_wconf 92' lang='lat' dir='ltr'>ut</span> <span class='ocrx_word' id='word_1_160' title='bbox 1287 1648 1336 1690; x_wconf 92' lang='lat' dir='ltr'>id</span> <span class='ocrx_word' id='word_1_161' title='bbox 1365 1648 1456 1690; x_wconf 88' lang='lat' dir='ltr'>sibi</span> <span class='ocrx_word' id='word_1_162' title='bbox 1469 1650 1512 1685; x_wconf 89' lang='lat'>18</span> 
     </span>
     <span class='ocr_line' id='line_1_24' title="bbox 183 1712 1456 1768; baseline -0.001 -12"><span class='ocrx_word' id='word_1_163' title='bbox 183 1716 334 1768; x_wconf 86' lang='lat' dir='ltr'>speret</span> <span class='ocrx_word' id='word_1_164' title='bbox 371 1713 617 1767; x_wconf 85' lang='lat' dir='ltr'>incipienti</span> <span class='ocrx_word' id='word_1_165' title='bbox 655 1713 817 1755; x_wconf 87' lang='lat' dir='ltr'>statim</span> <span class='ocrx_word' id='word_1_166' title='bbox 853 1726 986 1767; x_wconf 89' lang='lat' dir='ltr'>posse</span> <span class='ocrx_word' id='word_1_167' title='bbox 1024 1712 1316 1766; x_wconf 84' lang='lat' dir='ltr'>contingere3</span> <span class='ocrx_word' id='word_1_168' title='bbox 1363 1713 1456 1765; x_wconf 91' lang='lat' dir='ltr'>sed,</span> 
     </span>
     <span class='ocr_line' id='line_1_25' title="bbox 183 1778 1455 1832; baseline 0 -11"><span class='ocrx_word' id='word_1_169' title='bbox 183 1780 304 1822; x_wconf 87' lang='lat' dir='ltr'>sicut</span> <span class='ocrx_word' id='word_1_170' title='bbox 333 1779 384 1821; x_wconf 88' lang='lat' dir='ltr'>in</span> <span class='ocrx_word' id='word_1_171' title='bbox 413 1778 696 1832; x_wconf 84' lang='lat' dir='ltr'>cogitatione</span> <span class='ocrx_word' id='word_1_172' title='bbox 726 1778 1050 1832; x_wconf 85' lang='lat' dir='ltr'>praecipimus,</span> <span class='ocrx_word' id='word_1_173' title='bbox 1078 1778 1146 1820; x_wconf 86' lang='lat' dir='ltr'>ita</span> <span class='ocrx_word' id='word_1_174' title='bbox 1179 1778 1455 1821; x_wconf 86' lang='lat' dir='ltr'>facilitatem</span> 
     </span>
     <span class='ocr_line' id='line_1_26' title="bbox 182 1842 1454 1898; baseline -0.001 -12"><span class='ocrx_word' id='word_1_175' title='bbox 182 1858 365 1898; x_wconf 89' lang='lat' dir='ltr'>quoque</span> <span class='ocrx_word' id='word_1_176' title='bbox 398 1842 760 1897; x_wconf 88' lang='lat' dir='ltr'>extemporalem</span> <span class='ocrx_word' id='word_1_177' title='bbox 788 1857 816 1884; x_wconf 91' lang='lat' dir='ltr'>a</span> <span class='ocrx_word' id='word_1_178' title='bbox 848 1842 1008 1897; x_wconf 87' lang='lat' dir='ltr'>parvis</span> <span class='ocrx_word' id='word_1_179' title='bbox 1041 1842 1192 1885; x_wconf 85' lang='lat' dir='ltr'>initiis</span> <span class='ocrx_word' id='word_1_180' title='bbox 1225 1843 1454 1897; x_wconf 88' lang='lat' dir='ltr'>paulatim</span> 
     </span>
     <span class='ocr_line' id='line_1_27' title="bbox 182 1908 1454 1963; baseline -0.002 -12"><span class='ocrx_word' id='word_1_181' title='bbox 182 1909 486 1963; x_wconf 88' lang='lat' dir='ltr'>perducemus</span> <span class='ocrx_word' id='word_1_182' title='bbox 515 1908 574 1950; x_wconf 86' lang='lat' dir='ltr'>ad</span> <span class='ocrx_word' id='word_1_183' title='bbox 603 1921 849 1959; x_wconf 89' lang='lat' dir='ltr'>summam,</span> <span class='ocrx_word' id='word_1_184' title='bbox 868 1921 987 1961; x_wconf 90' lang='lat' dir='ltr'>quae</span> <span class='ocrx_word' id='word_1_185' title='bbox 1015 1921 1164 1961; x_wconf 91' lang='lat' dir='ltr'>neque</span> <span class='ocrx_word' id='word_1_186' title='bbox 1191 1908 1350 1962; x_wconf 89' lang='lat' dir='ltr'>perfici</span> <span class='ocrx_word' id='word_1_187' title='bbox 1378 1922 1454 1950; x_wconf 91' lang='lat' dir='ltr'>ne-</span> 
     </span>
     <span class='ocr_line' id='line_1_28' title="bbox 181 1971 1509 2027; baseline -0.002 -11"><span class='ocrx_word' id='word_1_188' title='bbox 181 1988 271 2027; x_wconf 90' lang='lat' dir='ltr'>que</span> <span class='ocrx_word' id='word_1_189' title='bbox 286 1974 514 2016; x_wconf 90' lang='lat' dir='ltr'>contineri</span> <span class='ocrx_word' id='word_1_190' title='bbox 533 1972 625 2014; x_wconf 89' lang='lat' dir='ltr'>nisi</span> <span class='ocrx_word' id='word_1_191' title='bbox 644 1986 734 2014; x_wconf 90' lang='lat' dir='ltr'>usu</span> <span class='ocrx_word' id='word_1_192' title='bbox 754 1974 917 2026; x_wconf 88' lang='lat' dir='ltr'>potest.</span> <span class='ocrx_word' id='word_1_193' title='bbox 975 1971 1190 2015; x_wconf 87' lang='lat' dir='ltr'>Ceterum</span> <span class='ocrx_word' id='word_1_194' title='bbox 1212 1973 1454 2027; x_wconf 88' lang='lat' dir='ltr'>pervenire</span> <span class='ocrx_word' id='word_1_195' title='bbox 1467 1975 1509 2008; x_wconf 91' lang='grc'>19</span> 
     </span>
     <span class='ocr_line' id='line_1_29' title="bbox 181 2036 1454 2091; baseline -0.001 -11"><span class='ocrx_word' id='word_1_196' title='bbox 181 2052 235 2080; x_wconf 91' lang='lat' dir='ltr'>eo</span> <span class='ocrx_word' id='word_1_197' title='bbox 254 2038 402 2089; x_wconf 88' lang='lat' dir='ltr'>debet,</span> <span class='ocrx_word' id='word_1_198' title='bbox 422 2040 475 2079; x_wconf 91' lang='lat' dir='ltr'>ut</span> <span class='ocrx_word' id='word_1_199' title='bbox 495 2037 719 2091; x_wconf 88' lang='lat' dir='ltr'>cogitatio</span> <span class='ocrx_word' id='word_1_200' title='bbox 739 2050 833 2079; x_wconf 96' lang='lat' dir='ltr'>non</span> <span class='ocrx_word' id='word_1_201' title='bbox 852 2036 1014 2090; x_wconf 90' lang='lat' dir='ltr'>utique</span> <span class='ocrx_word' id='word_1_202' title='bbox 1029 2036 1193 2079; x_wconf 88' lang='lat' dir='ltr'>melior</span> <span class='ocrx_word' id='word_1_203' title='bbox 1213 2037 1274 2079; x_wconf 88' lang='lat' dir='ltr'>sit</span> <span class='ocrx_word' id='word_1_204' title='bbox 1293 2051 1360 2089; x_wconf 88' lang='lat' dir='ltr'>ea,</span> <span class='ocrx_word' id='word_1_205' title='bbox 1375 2037 1454 2079; x_wconf 89' lang='lat' dir='ltr'>sed</span> 
     </span>
     <span class='ocr_line' id='line_1_30' title="bbox 180 2100 1452 2155; baseline -0.002 -10"><span class='ocrx_word' id='word_1_206' title='bbox 180 2102 352 2155; x_wconf 84' lang='lat' dir='ltr'>tutior3</span> <span class='ocrx_word' id='word_1_207' title='bbox 381 2116 489 2144; x_wconf 91' lang='lat' dir='ltr'>cum</span> <span class='ocrx_word' id='word_1_208' title='bbox 510 2101 632 2143; x_wconf 90' lang='lat' dir='ltr'>hanc</span> <span class='ocrx_word' id='word_1_209' title='bbox 653 2101 930 2143; x_wconf 87' lang='lat' dir='ltr'>facilitatem</span> <span class='ocrx_word' id='word_1_210' title='bbox 949 2114 1045 2142; x_wconf 93' lang='lat' dir='ltr'>non</span> <span class='ocrx_word' id='word_1_211' title='bbox 1071 2100 1122 2142; x_wconf 89' lang='lat' dir='ltr'>in</span> <span class='ocrx_word' id='word_1_212' title='bbox 1150 2114 1288 2155; x_wconf 91' lang='lat' dir='ltr'>prosa</span> <span class='ocrx_word' id='word_1_213' title='bbox 1315 2101 1452 2143; x_wconf 92' lang='lat' dir='ltr'>modo</span> 
     </span>
     <span class='ocr_line' id='line_1_31' title="bbox 181 2165 1453 2218; baseline -0.001 -9"><span class='ocrx_word' id='word_1_214' title='bbox 181 2167 321 2209; x_wconf 87' lang='lat' dir='ltr'>multi</span> <span class='ocrx_word' id='word_1_215' title='bbox 358 2167 452 2209; x_wconf 89' lang='lat' dir='ltr'>sint</span> <span class='ocrx_word' id='word_1_216' title='bbox 491 2165 739 2217; x_wconf 84' lang='lat' dir='ltr'>consecuti,</span> <span class='ocrx_word' id='word_1_217' title='bbox 768 2165 847 2207; x_wconf 88' lang='lat' dir='ltr'>sed</span> <span class='ocrx_word' id='word_1_218' title='bbox 884 2165 1027 2207; x_wconf 87' lang='lat' dir='ltr'>etiam</span> <span class='ocrx_word' id='word_1_219' title='bbox 1063 2165 1114 2207; x_wconf 91' lang='lat' dir='ltr'>in</span> <span class='ocrx_word' id='word_1_220' title='bbox 1147 2166 1366 2218; x_wconf 86' lang='lat' dir='ltr'>carmine,</span> <span class='ocrx_word' id='word_1_221' title='bbox 1397 2168 1453 2208; x_wconf 85' lang='lat' dir='ltr'>ut</span> 
     </span>
     <span class='ocr_line' id='line_1_32' title="bbox 182 2229 1453 2285; baseline 0 -13"><span class='ocrx_word' id='word_1_222' title='bbox 182 2232 435 2285; x_wconf 88' lang='lat' dir='ltr'>Antipater</span> <span class='ocrx_word' id='word_1_223' title='bbox 465 2230 682 2274; x_wconf 85' lang='lat' dir='ltr'>Sidonius</span> <span class='ocrx_word' id='word_1_224' title='bbox 711 2231 757 2271; x_wconf 91' lang='lat' dir='ltr'>et</span> <span class='ocrx_word' id='word_1_225' title='bbox 786 2229 996 2271; x_wconf 81' lang='lat' dir='ltr'>Licinius</span> <span class='ocrx_word' id='word_1_226' title='bbox 1015 2229 1240 2284; x_wconf 86' lang='lat' dir='ltr'>Archias;</span> <span class='ocrx_word' id='word_1_227' title='bbox 1268 2230 1453 2274; x_wconf 91' lang='lat' dir='ltr'>creden-</span> 
     </span>
     <span class='ocr_line' id='line_1_33' title="bbox 180 2295 1452 2349; baseline 0.001 -12"><span class='ocrx_word' id='word_1_228' title='bbox 180 2295 294 2337; x_wconf 91' lang='lat' dir='ltr'>dum</span> <span class='ocrx_word' id='word_1_229' title='bbox 313 2296 438 2338; x_wconf 90' lang='lat' dir='ltr'>enim</span> <span class='ocrx_word' id='word_1_230' title='bbox 458 2295 670 2339; x_wconf 84' lang='lat' dir='ltr'>Ciceroni</span> <span class='ocrx_word' id='word_1_231' title='bbox 698 2296 791 2347; x_wconf 85' lang='lat' dir='ltr'>est3</span> <span class='ocrx_word' id='word_1_232' title='bbox 819 2308 914 2336; x_wconf 91' lang='lat' dir='ltr'>non</span> <span class='ocrx_word' id='word_1_233' title='bbox 941 2295 1052 2348; x_wconf 86' lang='lat' dir='ltr'>quia</span> <span class='ocrx_word' id='word_1_234' title='bbox 1070 2295 1241 2337; x_wconf 86' lang='lat' dir='ltr'>nostris</span> <span class='ocrx_word' id='word_1_235' title='bbox 1269 2309 1452 2349; x_wconf 88' lang='lat' dir='ltr'>quoque</span> 
     </span>
    </p>
   </div>
   <div class='ocr_carea' id='block_1_3' title="bbox 180 2359 1450 2457">
    <p class='ocr_par' dir='ltr' id='par_1_4' title="bbox 180 2359 1450 2457">
     <span class='ocr_line' id='line_1_34' title="bbox 180 2359 1450 2457; baseline 0 -54"><span class='ocrx_word' id='word_1_236' title='bbox 180 2360 470 2457; x_wconf 53' lang='lat' dir='ltr'>temporo-ibus</span> <span class='ocrx_word' id='word_1_237' title='bbox 489 2373 583 2401; x_wconf 96' lang='lat' dir='ltr'>non</span> <span class='ocrx_word' id='word_1_238' title='bbox 602 2362 648 2401; x_wconf 92' lang='lat' dir='ltr'>et</span> <span class='ocrx_word' id='word_1_239' title='bbox 668 2359 864 2401; x_wconf 85' lang='lat' dir='ltr'>fecerint</span> <span class='ocrx_word' id='word_1_240' title='bbox 878 2359 1070 2413; x_wconf 87' lang='lat' dir='ltr'>quidam</span> <span class='ocrx_word' id='word_1_241' title='bbox 1088 2359 1176 2402; x_wconf 89' lang='lat' dir='ltr'>hoc</span> <span class='ocrx_word' id='word_1_242' title='bbox 1195 2362 1242 2402; x_wconf 88' lang='lat' dir='ltr'>et</span> <span class='ocrx_word' id='word_1_243' title='bbox 1261 2360 1450 2404; x_wconf 86' lang='lat' dir='ltr'>faciant.</span> 
     </span>
    </p>
   </div>
  </div>
 </body>
</html>
