1696 2638
259 207 316 249 94
529 204 649 241 INST.
683 205 890 241 ORATOR.
922 205 1005 248 XII,
1040 206 1069 248 1,
1100 205 1218 240 28-32.

201 322 245 357 28
259 318 419 373 Quid?
446 332 539 361 non
568 319 618 360 in
645 318 781 361 bellis
809 332 992 372 quoque
1021 319 1144 361 idem
1172 318 1252 361 ille
1271 318 1360 371 vir,
1387 332 1526 373 quem

257 383 562 435 instituimus,
582 383 621 425 si
641 383 702 425 sit
722 383 780 425 ad
799 383 1029 437 proelium
1048 383 1180 425 miles
1200 383 1526 436 cohortandus,

257 461 313 489 ex
332 447 496 489 mediis
516 448 768 501 sapientiae
788 448 1044 502 praeceptis
1059 448 1490 499 orationemtrahet
1508 451 1526 492 Ρ

257 512 380 554 Nam
426 512 655 566 quomodo
702 526 910 567 pugnam
956 513 1228 555 ineuntibus
1266 515 1336 555 tot
1384 513 1525 556 simul

256 578 408 619 metus
444 577 631 629 laboris,
664 577 891 629 dolorum,
923 579 1156 631 postremo
1184 578 1349 620 mortis
1377 578 1525 632 ipsius

256 641 524 693 exciderint,
543 642 635 683 nisi
655 642 705 683 in
725 655 885 684 eorum
912 641 1067 684 locum
1095 642 1243 696 pietas
1263 644 1309 684 et
1337 642 1524 684 fortitu-

199 707 243 741 29
256 706 314 748 do
334 708 379 748 et
406 705 588 748 honesti
617 720 832 760 praesens
851 707 1006 760 imago
1035 707 1341 749 successerit?
1396 707 1524 761 Quae

256 772 378 813 certe
396 771 563 813 melius
583 770 879 825 persuadebit
899 771 1017 823 aliis,
1037 771 1118 825 qui
1138 772 1269 825 prius
1289 785 1524 825 persuase-

255 835 319 877 rit
342 835 443 878 sibi.
501 835 663 877 Prodit
692 835 817 877 enim
845 849 906 887 se,
935 835 1192 888 quamlibet
1220 836 1524 888 custodiatur,

257 899 507 951 simulatio,
544 913 626 942 nec
663 914 887 953 umquam
933 902 1066 942 tanta
1112 900 1256 942 fuerit
1301 900 1523 954 loquendi

256 964 470 1016 facultas,
499 966 554 1006 ut
583 978 677 1006 non
707 965 879 1007 titubet
912 967 1051 1018 atque
1080 965 1282 1017 haereat,
1310 965 1523 1019 quotiens

255 1029 314 1071 ab
351 1029 507 1071 animo
537 1029 680 1071 verba
713 1029 1006 1072 dissentiunt.
1063 1030 1153 1071 Vir
1181 1032 1338 1072 autem
1371 1030 1524 1072 malus

198 1104 243 1139 30
255 1093 383 1135 aliud
403 1094 527 1136 dicat
546 1107 727 1136 necesse
746 1096 815 1136 est
845 1108 986 1147 quam
1010 1094 1162 1137 sentit.
1219 1094 1372 1136 Bonos
1391 1108 1524 1136 num-

255 1172 395 1211 quam
427 1158 648 1200 honestus
682 1172 831 1200 sermo
860 1158 1053 1210 deficiet,
1081 1172 1339 1212 numquam
1367 1172 1523 1201 rerum

254 1222 538 1276 optimarum
573 1221 700 1275 (nam
730 1223 871 1264 iidem
905 1223 1045 1265 etiam
1078 1223 1329 1276 prudentes
1363 1223 1518 1276 erunt)

254 1287 462 1329 inventio
475 1304 486 1340 ;
525 1301 643 1341 quae
681 1287 864 1330 etiamsi
902 1287 1143 1330 lenociniis
1183 1287 1409 1330 destituta
1447 1289 1522 1339 sit,

255 1352 367 1394 satis
395 1353 552 1394 tamen
588 1353 758 1394 natura
796 1366 880 1394 sua
918 1354 1124 1403 ornatur,
1152 1365 1236 1394 nec
1265 1352 1523 1405 quidquam

197 1428 239 1463 31
253 1430 347 1458 non
366 1416 548 1468 diserte,
568 1416 690 1470 quod
712 1417 916 1468 honeste,
936 1417 1119 1459 dicitur.
1177 1416 1344 1470 Quare,
1362 1417 1522 1459 iuven-

253 1482 344 1532 tus,
362 1481 505 1522 immo
525 1481 675 1523 omnis
696 1482 821 1523 aetas
845 1480 1010 1534 (neque
1035 1481 1160 1523 enim
1187 1482 1339 1523 rectae
1358 1481 1522 1523 volun-

253 1545 341 1587 tati
361 1558 514 1587 serum
534 1547 603 1587 est
630 1548 814 1599 tempus
833 1545 1004 1599 ullum)
1026 1546 1139 1587 totis
1167 1545 1402 1587 mentibus
1429 1545 1522 1588 huc

252 1609 510 1662 tendamus,
530 1611 580 1652 in
608 1610 695 1652 hoc
715 1610 1028 1664 elaboremus3
1058 1610 1217 1652 forsan
1237 1612 1283 1652 et
1311 1624 1522 1652 consum-

252 1688 380 1717 mare
398 1675 652 1728 contingat.
710 1675 832 1717 Nam
851 1675 891 1717 si
919 1677 1089 1717 natura
1108 1689 1202 1717 non
1229 1674 1447 1729 prohibet
1476 1677 1522 1717 et

253 1752 349 1782 esse
377 1740 534 1782 virum
566 1740 742 1782 bonum
771 1742 816 1782 et
845 1753 942 1783 esse
970 1740 1154 1782 dicendi
1191 1740 1409 1794 peritum,
1438 1753 1523 1782 cur

252 1818 346 1846 non
365 1804 536 1858 aliquis
562 1805 703 1847 etiam
732 1818 856 1847 unus
886 1807 1140 1858 utrumque
1173 1805 1391 1858 consequi
1421 1818 1522 1858 pos-

254 1870 315 1911 sit
336 1871 354 1912 ?
381 1883 464 1912 cur
484 1871 640 1912 autem
659 1883 753 1911 non
773 1883 820 1912 se
850 1871 1046 1923 quisque
1075 1871 1226 1923 speret
1256 1870 1355 1911 fore
1384 1869 1521 1910 illum

196 1942 240 1976 32
253 1932 491 1986 aliquem?
544 1933 622 1975 Ad
651 1932 774 1986 quod
803 1933 842 1975 si
862 1933 986 1975 vires
1013 1933 1191 1986 ingenii
1211 1946 1305 1974 non
1334 1932 1521 1974 suffece-

252 1997 363 2049 rint,
395 1999 551 2040 tamen
582 1997 640 2039 ad
671 2012 809 2051 quem
841 2011 988 2052 usque
1020 1997 1212 2039 modum
1248 1996 1521 2051 processeri-

252 2075 371 2113 mus,
407 2062 618 2104 meliores
657 2062 830 2104 erimus
877 2076 933 2104 ex
978 2063 1187 2115 utroque.
1258 2061 1360 2103 Hoc
1398 2062 1522 2103 certe

252 2126 414 2180 procul
460 2127 693 2168 eximatur
739 2126 909 2178 animo,
954 2139 1111 2168 rerum
1157 2125 1521 2179 pulcherrimam

253 2190 564 2244 eloquentiam
610 2204 716 2232 cum
754 2191 885 2232 vitiis
931 2191 1101 2232 mentis
1147 2204 1278 2244 posse
1324 2190 1519 2232 misceri.

253 2253 471 2297 Facultas
491 2255 687 2306 dicendi,
707 2255 746 2296 si
766 2255 816 2296 in
836 2255 982 2297 malos
1001 2254 1180 2305 incidit,
1200 2256 1244 2296 et
1272 2254 1375 2309 ipsa
1402 2253 1521 2295 iudi-

253 2318 400 2361 canda
419 2320 487 2361 est
505 2319 707 2372 malum3
735 2319 913 2374 peiores
933 2319 1058 2361 enim
1076 2319 1182 2361 illos
1202 2318 1331 2370 facit,
1350 2318 1520 2373 quibus

253 2382 463 2436 contigit.
