1696 2638
441 202 563 239 INST.
596 202 804 238 ORATOR.
835 202 880 245 X,
910 204 942 245 2,
973 203 1039 244 283
1068 204 1101 245 3,
1133 203 1208 238 1-2.
1406 203 1461 247 61

187 317 410 360 utilitatis
433 317 588 371 gratia
606 316 870 371 adsumpta,
889 329 1008 370 quae
1028 310 1132 358 tum
1151 318 1221 358 est
1249 315 1462 370 pulcher-

188 382 321 433 rima,
340 396 447 424 cum
468 381 691 435 sequitur,
710 394 805 422 non
825 395 932 423 cum
952 381 1212 424 arcessitur.
1272 380 1400 422 Haec
1422 380 1462 422 si

188 447 540 519 perviderimus,
575 448 678 488 tum
711 459 819 488 vere
852 445 1156 488 imitabimur.
1226 445 1319 499 Qui
1351 459 1461 487 vero
1474 452 1542 486 28·

190 512 332 554 etiam
378 511 567 566 propria
612 498 688 552 his
724 511 848 552 bona
884 510 1118 562 adiecerit,
1156 511 1210 551 ut
1249 510 1462 564 suppleat

189 591 307 630 quae
338 576 542 628 deerant,
561 575 877 627 circumcidat,
897 575 938 617 si
967 575 1082 637 quid
1110 574 1402 626 redundabit,
1422 575 1462 616 is

190 641 292 692 erit,
329 655 468 694 quem
505 640 786 713 quaerimus,
823 634 1059 694 perfectus
1097 641 1276 692 orator-3
1323 653 1462 693 quem

189 720 312 748 nunc
361 705 673 748 consummari
722 705 1019 759 potissimum
1057 704 1313 758 oportebat,
1354 718 1462 746 cum

188 772 321 813 tanto
340 770 477 825 plura
491 770 702 825 exempla
713 770 829 812 bene
844 769 1028 813 dicendi
1043 771 1306 824 supersunt,
1320 783 1462 823 quam

188 835 297 887 illis,
322 835 404 888 qui
434 834 587 877 adhuc
618 834 790 877 summi
820 836 944 887 sunt,
973 834 1281 889 contigerunt.
1339 834 1462 876 Nam

189 901 278 944 erit
307 901 421 943 haec
453 914 636 955 quoque
667 900 772 943 laus
805 914 979 951 eorum,
1008 901 1064 942 ut
1095 899 1273 955 priores
1306 911 1462 953 super-

189 979 303 1018 asse,
321 968 528 1021 posteros
549 965 759 1008 docuisse
778 964 1007 1018 dicantur.

675 1262 858 1303 CAPUT
890 1261 968 1301 HI.

524 1376 766 1417 QUOMODO
797 1375 1127 1408 SCRIBENDUM.

270 1485 356 1530 III.
386 1486 449 1529 Et
477 1486 591 1529 haec
611 1485 800 1540 quidem
819 1485 997 1528 auxilia
1027 1483 1313 1527 extrinsecus
1332 1483 1462 1526 adhi-

193 1548 381 1604 bentur3
410 1552 460 1593 in
489 1551 548 1593 iis
568 1565 685 1605 quae
715 1550 850 1593 nobis
880 1550 994 1604 ipsis
1027 1549 1236 1604 paranda
1266 1551 1388 1600 sunt,
1407 1550 1462 1591 ut

191 1614 375 1668 laboris,
391 1616 456 1658 sic
475 1616 698 1658 utilitatis
718 1616 859 1658 etiam
878 1615 1016 1669 longe
1035 1614 1293 1669 plurimum
1308 1614 1462 1656 adfert

190 1680 379 1724 stilus.
437 1681 532 1723 Nec
570 1681 804 1723 immerito
842 1681 904 1723 M.
935 1679 1119 1722 Tullius
1156 1679 1283 1721 hunc
1320 1678 1462 1733 opti-

193 1758 337 1787 mum
366 1745 712 1788 effectorem
742 1759 803 1788 ac
835 1744 1184 1798 magistrum
1215 1743 1463 1795 dicendi,

193 1810 400 1863 'vocavit3
443 1810 519 1852 0111
557 1810 811 1852 sententiae
849 1823 1094 1864 personam
1132 1809 1183 1852 L.
1218 1808 1375 1853 Crassi
1411 1808 1462 1850 in

190 1874 599 1930 disputationibus,
615 1888 733 1928 quae
754 1876 864 1917 sunt
879 1874 935 1916 de
950 1876 1145 1925 oratore,
1160 1873 1462 1928 adsignando,

192 1938 416 1981 iudicium
446 1953 584 1981 suum
613 1953 719 1982 cum
748 1939 878 1981 illius
907 1938 1184 1981 auctoritate
1207 1938 1459 1981 coniunxit.

192 2004 495 2047 Scribendum
533 2018 644 2058 ergo
677 2018 819 2058 quam
853 2003 1208 2057 diligentissime
1241 2005 1288 2046 et
1320 2017 1462 2057 quam
1474 2016 1495 2049 2

192 2068 460 2123 plurimum.
517 2069 639 2111 Nam
658 2071 713 2110 ut
735 2071 861 2111 terra
881 2068 1024 2123 altius
1044 2069 1212 2111 effossa
1242 2082 1462 2122 generan-

191 2133 263 2176 dis
281 2133 550 2188 alendisque
571 2133 826 2176 seminibus
846 2133 1090 2176 fecundior
1110 2133 1176 2185 fit,
1197 2133 1262 2175 sic
1286 2133 1462 2187 profec-

191 2199 268 2240 tus
297 2212 391 2240 non
421 2213 449 2240 a
482 2212 663 2240 summo
696 2198 872 2252 petitus
903 2197 1166 2240 studiorum
1200 2198 1384 2240 fructus
1417 2199 1462 2240 et

193 2262 350 2305 fundit
369 2263 559 2305 uberius
578 2265 624 2306 et
643 2262 826 2305 fidelius
846 2262 1063 2306 continet.
1120 2263 1242 2305 Nam
1258 2262 1356 2305 sine
1374 2262 1462 2305 hac
1526 2269 1533 2275 '

193 2327 380 2382 quidem
409 2328 690 2370 conscientia
719 2327 822 2382 ipsa
850 2327 934 2369 illa
964 2341 1021 2370 ex
1050 2330 1256 2381 tempore
1280 2327 1463 2369 dicendi

192 2391 393 2435 facultas
438 2392 625 2435 inanem
670 2391 808 2435 modo
862 2391 1194 2447 loquacitatem
1240 2392 1371 2435 dabit
1417 2394 1463 2436 et
