<?xml version="1.0" encoding="UTF-8"?>
<!DOCTYPE html PUBLIC "-//W3C//DTD XHTML 1.0 Transitional//EN"
    "http://www.w3.org/TR/xhtml1/DTD/xhtml1-transitional.dtd">
<html xmlns="http://www.w3.org/1999/xhtml" xml:lang="en" lang="en">
 <head>
  <title>
</title>
<meta http-equiv="Content-Type" content="text/html;charset=utf-8" />
  <meta name='ocr-system' content='tesseract 3.04.00' />
  <meta name='ocr-capabilities' content='ocr_page ocr_carea ocr_par ocr_line ocrx_word'/>
</head>
<body>
  <div class='ocr_page' id='page_1' title='image "./tenthtwelfthbook00quinuoft_0097.png"; bbox 0 0 1696 2638; ppageno 0'>
   <div class='ocr_carea' id='block_1_1' title="bbox 493 156 1440 201">
    <p class='ocr_par' dir='ltr' id='par_1_1' title="bbox 493 156 1440 201">
     <span class='ocr_line' id='line_1_1' title="bbox 493 156 1440 201; baseline 0.001 -10"><span class='ocrx_word' id='word_1_1' title='bbox 493 156 616 192; x_wconf 79' lang='lat' dir='ltr'>ms&#39;r.</span> <span class='ocrx_word' id='word_1_2' title='bbox 648 156 857 191; x_wconf 81' lang='lat' dir='ltr'><strong>ORATOR.</strong></span> <span class='ocrx_word' id='word_1_3' title='bbox 888 156 972 199; x_wconf 84' lang='lat' dir='ltr'>xn,</span> <span class='ocrx_word' id='word_1_4' title='bbox 1005 157 1035 199; x_wconf 92' lang='lat'>1,</span> <span class='ocrx_word' id='word_1_5' title='bbox 1059 157 1178 192; x_wconf 79' lang='lat'>25-27.</span> <span class='ocrx_word' id='word_1_6' title='bbox 1385 160 1440 201; x_wconf 88' lang='lat'>93</span> 
     </span>
    </p>
   </div>
   <div class='ocr_carea' id='block_1_2' title="bbox 154 270 1492 1802">
    <p class='ocr_par' dir='ltr' id='par_1_2' title="bbox 154 270 1492 1802">
     <span class='ocr_line' id='line_1_2' title="bbox 163 270 1440 324; baseline 0.002 -13"><span class='ocrx_word' id='word_1_7' title='bbox 163 283 286 324; x_wconf 86' lang='lat' dir='ltr'>gam,</span> <span class='ocrx_word' id='word_1_8' title='bbox 322 270 743 324; x_wconf 75' lang='lat' dir='ltr'>praevaricatorem</span> <span class='ocrx_word' id='word_1_9' title='bbox 789 270 1074 312; x_wconf 88' lang='lat' dir='ltr'>donabimus·</span> <span class='ocrx_word' id='word_1_10' title='bbox 1114 271 1311 314; x_wconf 90' lang='lat' dir='ltr'>oratoris</span> <span class='ocrx_word' id='word_1_11' title='bbox 1356 270 1440 314; x_wconf 92' lang='lat' dir='ltr'>illo</span> 
     </span>
     <span class='ocr_line' id='line_1_3' title="bbox 163 334 1439 390; baseline 0.001 -14"><span class='ocrx_word' id='word_1_12' title='bbox 163 347 293 376; x_wconf 81' lang='lat' dir='ltr'>sacro</span> <span class='ocrx_word' id='word_1_13' title='bbox 310 334 498 376; x_wconf 92' lang='lat' dir='ltr'>nomine</span> <span class='ocrx_word' id='word_1_14' title='bbox 516 336 535 377; x_wconf 71' lang='grc' dir='ltr'>Ξ)</span> <span class='ocrx_word' id='word_1_15' title='bbox 591 334 769 389; x_wconf 82' lang='lat' dir='ltr'>Quodsi</span> <span class='ocrx_word' id='word_1_16' title='bbox 788 334 1100 377; x_wconf 82' lang='lat' dir='ltr'>mediocribus</span> <span class='ocrx_word' id='word_1_17' title='bbox 1121 335 1265 377; x_wconf 89' lang='lat' dir='ltr'>etiam</span> <span class='ocrx_word' id='word_1_18' title='bbox 1284 337 1439 390; x_wconf 89' lang='lat' dir='ltr'>patro-</span> 
     </span>
     <span class='ocr_line' id='line_1_4' title="bbox 162 399 1439 453; baseline 0.002 -13"><span class='ocrx_word' id='word_1_19' title='bbox 162 399 235 440; x_wconf 85' lang='lat' dir='ltr'>nis</span> <span class='ocrx_word' id='word_1_20' title='bbox 255 399 474 440; x_wconf 90' lang='lat' dir='ltr'>convenit</span> <span class='ocrx_word' id='word_1_21' title='bbox 492 399 620 450; x_wconf 87' lang='lat' dir='ltr'>haec,</span> <span class='ocrx_word' id='word_1_22' title='bbox 639 413 758 452; x_wconf 91' lang='lat' dir='ltr'>quae</span> <span class='ocrx_word' id='word_1_23' title='bbox 777 399 923 453; x_wconf 84' lang='lat' dir='ltr'>vulgo</span> <span class='ocrx_word' id='word_1_24' title='bbox 942 399 1130 451; x_wconf 90' lang='lat' dir='ltr'>dicitur,</span> <span class='ocrx_word' id='word_1_25' title='bbox 1143 399 1343 451; x_wconf 88' lang='lat' dir='ltr'>bonitas,</span> <span class='ocrx_word' id='word_1_26' title='bbox 1354 413 1439 442; x_wconf 92' lang='lat' dir='ltr'>cur</span> 
     </span>
     <span class='ocr_line' id='line_1_5' title="bbox 162 463 1438 518; baseline 0.002 -14"><span class='ocrx_word' id='word_1_27' title='bbox 162 477 255 505; x_wconf 91' lang='lat' dir='ltr'>non</span> <span class='ocrx_word' id='word_1_28' title='bbox 274 465 431 506; x_wconf 89' lang='lat' dir='ltr'>orator</span> <span class='ocrx_word' id='word_1_29' title='bbox 458 463 551 515; x_wconf 89' lang='lat' dir='ltr'>ille,</span> <span class='ocrx_word' id='word_1_30' title='bbox 571 464 652 517; x_wconf 93' lang='lat' dir='ltr'>qui</span> <span class='ocrx_word' id='word_1_31' title='bbox 673 463 890 505; x_wconf 87' lang='lat' dir='ltr'>-nondum</span> <span class='ocrx_word' id='word_1_32' title='bbox 920 464 1029 516; x_wconf 89' lang='lat' dir='ltr'>fuit,</span> <span class='ocrx_word' id='word_1_33' title='bbox 1049 464 1127 506; x_wconf 90' lang='lat' dir='ltr'>sed</span> <span class='ocrx_word' id='word_1_34' title='bbox 1156 466 1308 518; x_wconf 88' lang='lat' dir='ltr'>potest</span> <span class='ocrx_word' id='word_1_35' title='bbox 1327 478 1438 517; x_wconf 90' lang='lat' dir='ltr'>esse,</span> 
     </span>
     <span class='ocr_line' id='line_1_6' title="bbox 165 528 1438 583; baseline 0.002 -14"><span class='ocrx_word' id='word_1_36' title='bbox 165 530 258 569; x_wconf 77' lang='lat' dir='ltr'>&#39;nam</span> <span class='ocrx_word' id='word_1_37' title='bbox 278 528 339 569; x_wconf 91' lang='lat' dir='ltr'>sit</span> <span class='ocrx_word' id='word_1_38' title='bbox 365 528 574 570; x_wconf 91' lang='lat' dir='ltr'>moribus</span> <span class='ocrx_word' id='word_1_39' title='bbox 593 542 735 581; x_wconf 90' lang='lat' dir='ltr'>quam</span> <span class='ocrx_word' id='word_1_40' title='bbox 755 528 938 570; x_wconf 92' lang='lat' dir='ltr'>dicendi</span> <span class='ocrx_word' id='word_1_41' title='bbox 958 529 1137 571; x_wconf 83' lang='lat' dir='ltr'>virtute</span> <span class='ocrx_word' id='word_1_42' title='bbox 1166 529 1401 583; x_wconf 84' lang='lat' dir='ltr'>perfectus</span> <span class='ocrx_word' id='word_1_43' title='bbox 1419 532 1438 573; x_wconf 76' lang='grc' dir='ltr'>Ρ</span> 
     </span>
     <span class='ocr_line' id='line_1_7' title="bbox 162 592 1492 648; baseline 0.003 -15"><span class='ocrx_word' id='word_1_44' title='bbox 162 593 205 633; x_wconf 92' lang='lat' dir='ltr'>N</span> <span class='ocrx_word' id='word_1_45' title='bbox 207 606 267 634; x_wconf 93' lang='lat' dir='ltr'>on</span> <span class='ocrx_word' id='word_1_46' title='bbox 287 593 411 634; x_wconf 88' lang='lat' dir='ltr'>enim</span> <span class='ocrx_word' id='word_1_47' title='bbox 430 592 662 635; x_wconf 88' lang='lat' dir='ltr'>forensem</span> <span class='ocrx_word' id='word_1_48' title='bbox 682 593 917 646; x_wconf 89' lang='lat' dir='ltr'>quandam</span> <span class='ocrx_word' id='word_1_49' title='bbox 936 594 1230 640; x_wconf 72' lang='lat' dir='ltr'>instituimus</span> <span class='ocrx_word' id='word_1_50' title='bbox 1249 608 1436 648; x_wconf 87' lang='lat' dir='ltr'>operam</span> <span class='ocrx_word' id='word_1_51' title='bbox 1448 598 1492 631; x_wconf 83' lang='lat'>25</span> 
     </span>
     <span class='ocr_line' id='line_1_8' title="bbox 160 658 1435 713; baseline 0.002 -15"><span class='ocrx_word' id='word_1_52' title='bbox 160 671 243 699; x_wconf 86' lang='lat' dir='ltr'>nec</span> <span class='ocrx_word' id='word_1_53' title='bbox 280 658 613 703; x_wconf 82' lang='lat' dir='ltr'>mercenariam</span> <span class='ocrx_word' id='word_1_54' title='bbox 645 671 807 700; x_wconf 89' lang='lat' dir='ltr'>vocem</span> <span class='ocrx_word' id='word_1_55' title='bbox 845 672 993 712; x_wconf 88' lang='lat' dir='ltr'>neque</span> <span class='ocrx_word' id='word_1_56' title='bbox 1030 661 1084 701; x_wconf 91' lang='lat' dir='ltr'>ut</span> <span class='ocrx_word' id='word_1_57' title='bbox 1122 659 1435 713; x_wconf 88' lang='lat' dir='ltr'>asperioribus</span> 
     </span>
     <span class='ocr_line' id='line_1_9' title="bbox 160 722 1435 776; baseline 0.002 -13"><span class='ocrx_word' id='word_1_58' title='bbox 160 722 316 764; x_wconf 85' lang='lat' dir='ltr'>verbis</span> <span class='ocrx_word' id='word_1_59' title='bbox 341 736 601 776; x_wconf 90' lang='lat' dir='ltr'>parcamus,</span> <span class='ocrx_word' id='word_1_60' title='bbox 620 736 715 764; x_wconf 92' lang='lat' dir='ltr'>non</span> <span class='ocrx_word' id='word_1_61' title='bbox 743 723 961 765; x_wconf 89' lang='lat' dir='ltr'>inutilem</span> <span class='ocrx_word' id='word_1_62' title='bbox 981 737 1090 766; x_wconf 92' lang='lat' dir='ltr'>sane</span> <span class='ocrx_word' id='word_1_63' title='bbox 1118 723 1276 766; x_wconf 91' lang='lat' dir='ltr'>litium</span> <span class='ocrx_word' id='word_1_64' title='bbox 1296 724 1435 767; x_wconf 87' lang='lat' dir='ltr'>advo-</span> 
     </span>
     <span class='ocr_line' id='line_1_10' title="bbox 159 786 1435 842; baseline 0.003 -14"><span class='ocrx_word' id='word_1_65' title='bbox 159 788 330 838; x_wconf 91' lang='lat' dir='ltr'>catum,</span> <span class='ocrx_word' id='word_1_66' title='bbox 360 800 498 840; x_wconf 90' lang='lat' dir='ltr'>quem</span> <span class='ocrx_word' id='word_1_67' title='bbox 528 786 726 840; x_wconf 89' lang='lat' dir='ltr'>denique</span> <span class='ocrx_word' id='word_1_68' title='bbox 757 788 1046 830; x_wconf 88' lang='lat' dir='ltr'>causidicum</span> <span class='ocrx_word' id='word_1_69' title='bbox 1076 788 1221 842; x_wconf 89' lang='lat' dir='ltr'>vulgo</span> <span class='ocrx_word' id='word_1_70' title='bbox 1252 792 1435 841; x_wconf 87' lang='lat' dir='ltr'>vocant,</span> 
     </span>
     <span class='ocr_line' id='line_1_11' title="bbox 160 851 1434 907; baseline 0.002 -14"><span class='ocrx_word' id='word_1_71' title='bbox 160 851 239 893; x_wconf 90' lang='lat' dir='ltr'>sed</span> <span class='ocrx_word' id='word_1_72' title='bbox 257 852 416 893; x_wconf 84' lang='lat' dir='ltr'>virum</span> <span class='ocrx_word' id='word_1_73' title='bbox 443 865 551 893; x_wconf 93' lang='lat' dir='ltr'>cum</span> <span class='ocrx_word' id='word_1_74' title='bbox 579 851 757 905; x_wconf 89' lang='lat' dir='ltr'>ingenii</span> <span class='ocrx_word' id='word_1_75' title='bbox 786 854 956 894; x_wconf 91' lang='lat' dir='ltr'>natura</span> <span class='ocrx_word' id='word_1_76' title='bbox 985 855 1311 907; x_wconf 87' lang='lat' dir='ltr'>praestantem,</span> <span class='ocrx_word' id='word_1_77' title='bbox 1329 856 1434 896; x_wconf 92' lang='lat' dir='ltr'>tum</span> 
     </span>
     <span class='ocr_line' id='line_1_12' title="bbox 158 916 1433 971; baseline 0.002 -13"><span class='ocrx_word' id='word_1_78' title='bbox 158 930 270 959; x_wconf 87' lang='lat' dir='ltr'>vero</span> <span class='ocrx_word' id='word_1_79' title='bbox 299 918 370 958; x_wconf 90' lang='lat' dir='ltr'>tot</span> <span class='ocrx_word' id='word_1_80' title='bbox 403 916 741 970; x_wconf 89' lang='lat' dir='ltr'>pulcherrimas</span> <span class='ocrx_word' id='word_1_81' title='bbox 769 918 885 959; x_wconf 89' lang='lat' dir='ltr'>artis</span> <span class='ocrx_word' id='word_1_82' title='bbox 914 917 1101 971; x_wconf 92' lang='lat' dir='ltr'>penitus</span> <span class='ocrx_word' id='word_1_83' title='bbox 1129 920 1283 960; x_wconf 92' lang='lat' dir='ltr'>mente</span> <span class='ocrx_word' id='word_1_84' title='bbox 1313 932 1433 961; x_wconf 91' lang='lat' dir='ltr'>com-</span> 
     </span>
     <span class='ocr_line' id='line_1_13' title="bbox 158 981 1434 1037; baseline 0.002 -14"><span class='ocrx_word' id='word_1_85' title='bbox 158 981 361 1035; x_wconf 88' lang='lat' dir='ltr'>plexum,</span> <span class='ocrx_word' id='word_1_86' title='bbox 389 981 553 1024; x_wconf 88' lang='lat' dir='ltr'>datum</span> <span class='ocrx_word' id='word_1_87' title='bbox 589 981 779 1024; x_wconf 92' lang='lat' dir='ltr'>tandem</span> <span class='ocrx_word' id='word_1_88' title='bbox 808 982 950 1024; x_wconf 85' lang='lat' dir='ltr'>rebus</span> <span class='ocrx_word' id='word_1_89' title='bbox 987 982 1220 1034; x_wconf 84' lang='lat' dir='ltr'>humanis,</span> <span class='ocrx_word' id='word_1_90' title='bbox 1248 983 1434 1037; x_wconf 88' lang='lat' dir='ltr'>qualem</span> 
     </span>
     <span class='ocr_line' id='line_1_14' title="bbox 158 1046 1432 1103; baseline 0.002 -16"><span class='ocrx_word' id='word_1_91' title='bbox 158 1046 290 1088; x_wconf 90' lang='lat' dir='ltr'>nulla</span> <span class='ocrx_word' id='word_1_92' title='bbox 317 1050 454 1088; x_wconf 88' lang='lat' dir='ltr'>antea</span> <span class='ocrx_word' id='word_1_93' title='bbox 473 1048 683 1088; x_wconf 84' lang='lat' dir='ltr'>vetustas</span> <span class='ocrx_word' id='word_1_94' title='bbox 712 1048 996 1100; x_wconf 79' lang='lat' dir='ltr'>cognoverit,</span> <span class='ocrx_word' id='word_1_95' title='bbox 1018 1047 1304 1101; x_wconf 88' lang='lat' dir='ltr'>singularem</span> <span class='ocrx_word' id='word_1_96' title='bbox 1332 1062 1432 1103; x_wconf 91' lang='lat' dir='ltr'>per-</span> 
     </span>
     <span class='ocr_line' id='line_1_15' title="bbox 158 1110 1429 1167; baseline 0.002 -15"><span class='ocrx_word' id='word_1_97' title='bbox 158 1110 424 1164; x_wconf 84' lang='lat' dir='ltr'>fectumque</span> <span class='ocrx_word' id='word_1_98' title='bbox 443 1111 663 1164; x_wconf 90' lang='lat' dir='ltr'>undique,</span> <span class='ocrx_word' id='word_1_99' title='bbox 679 1112 856 1165; x_wconf 89' lang='lat' dir='ltr'>optima</span> <span class='ocrx_word' id='word_1_100' title='bbox 871 1112 1147 1154; x_wconf 85' lang='lat' dir='ltr'>sentientem</span> <span class='ocrx_word' id='word_1_101' title='bbox 1163 1113 1429 1167; x_wconf 90' lang='lat' dir='ltr'>optimeque</span> 
     </span>
     <span class='ocr_line' id='line_1_16' title="bbox 157 1174 1487 1230; baseline 0.003 -13"><span class='ocrx_word' id='word_1_102' title='bbox 157 1174 398 1218; x_wconf 77' lang='lat' dir='ltr'>dicentem.</span> <span class='ocrx_word' id='word_1_103' title='bbox 455 1175 512 1217; x_wconf 92' lang='lat' dir='ltr'>In</span> <span class='ocrx_word' id='word_1_104' title='bbox 530 1175 618 1218; x_wconf 89' lang='lat' dir='ltr'>hoc</span> <span class='ocrx_word' id='word_1_105' title='bbox 638 1178 782 1229; x_wconf 88' lang='lat' dir='ltr'>quota</span> <span class='ocrx_word' id='word_1_106' title='bbox 800 1190 908 1230; x_wconf 91' lang='lat' dir='ltr'>pars</span> <span class='ocrx_word' id='word_1_107' title='bbox 929 1177 1032 1228; x_wconf 90' lang='lat' dir='ltr'>erit,</span> <span class='ocrx_word' id='word_1_108' title='bbox 1052 1177 1177 1230; x_wconf 94' lang='lat' dir='ltr'>quod</span> <span class='ocrx_word' id='word_1_109' title='bbox 1196 1180 1280 1219; x_wconf 88' lang='lat' dir='ltr'>aut</span> <span class='ocrx_word' id='word_1_110' title='bbox 1299 1178 1431 1220; x_wconf 91' lang='lat' dir='ltr'>inno-</span> <span class='ocrx_word' id='word_1_111' title='bbox 1443 1187 1487 1221; x_wconf 83' lang='lat'>26</span> 
     </span>
     <span class='ocr_line' id='line_1_17' title="bbox 157 1240 1431 1298; baseline 0.003 -16"><span class='ocrx_word' id='word_1_112' title='bbox 157 1241 303 1282; x_wconf 90' lang='lat' dir='ltr'>centis</span> <span class='ocrx_word' id='word_1_113' title='bbox 339 1240 551 1282; x_wconf 89' lang='lat' dir='ltr'>tuebitur</span> <span class='ocrx_word' id='word_1_114' title='bbox 583 1243 666 1282; x_wconf 89' lang='lat' dir='ltr'>aut</span> <span class='ocrx_word' id='word_1_115' title='bbox 696 1241 1018 1295; x_wconf 88' lang='lat' dir='ltr'>improborum</span> <span class='ocrx_word' id='word_1_116' title='bbox 1052 1242 1224 1284; x_wconf 89' lang='lat' dir='ltr'>scelera</span> <span class='ocrx_word' id='word_1_117' title='bbox 1252 1257 1431 1298; x_wconf 90' lang='lat' dir='ltr'>compe-</span> 
     </span>
     <span class='ocr_line' id='line_1_18' title="bbox 157 1305 1429 1360; baseline 0.002 -13"><span class='ocrx_word' id='word_1_118' title='bbox 157 1307 251 1347; x_wconf 90' lang='lat' dir='ltr'>scet</span> <span class='ocrx_word' id='word_1_119' title='bbox 288 1307 371 1347; x_wconf 91' lang='lat' dir='ltr'>aut</span> <span class='ocrx_word' id='word_1_120' title='bbox 416 1305 468 1346; x_wconf 94' lang='lat' dir='ltr'>in</span> <span class='ocrx_word' id='word_1_121' title='bbox 512 1306 796 1359; x_wconf 86' lang='lat' dir='ltr'>pecuniariis</span> <span class='ocrx_word' id='word_1_122' title='bbox 847 1307 1200 1360; x_wconf 88' lang='lat' dir='ltr'>quaestionibus</span> <span class='ocrx_word' id='word_1_123' title='bbox 1238 1308 1429 1350; x_wconf 82' lang='lat' dir='ltr'>veritati</span> 
     </span>
     <span class='ocr_line' id='line_1_19' title="bbox 156 1369 1429 1426; baseline 0.003 -15"><span class='ocrx_word' id='word_1_124' title='bbox 156 1371 318 1412; x_wconf 91' lang='lat' dir='ltr'>contra</span> <span class='ocrx_word' id='word_1_125' title='bbox 337 1369 621 1412; x_wconf 89' lang='lat' dir='ltr'>calumniam</span> <span class='ocrx_word' id='word_1_126' title='bbox 640 1370 791 1413; x_wconf 90' lang='lat' dir='ltr'>aderit</span> <span class='ocrx_word' id='word_1_127' title='bbox 809 1373 827 1414; x_wconf 83' lang='lat'>?</span> <span class='ocrx_word' id='word_1_128' title='bbox 883 1371 1103 1414; x_wconf 87' lang='lat' dir='ltr'>Summus</span> <span class='ocrx_word' id='word_1_129' title='bbox 1132 1372 1212 1415; x_wconf 87' lang='lat' dir='ltr'>ille</span> <span class='ocrx_word' id='word_1_130' title='bbox 1240 1373 1429 1426; x_wconf 92' lang='lat' dir='ltr'>quidem</span> 
     </span>
     <span class='ocr_line' id='line_1_20' title="bbox 155 1434 1428 1489; baseline 0.003 -13"><span class='ocrx_word' id='word_1_131' title='bbox 155 1434 207 1476; x_wconf 93' lang='lat' dir='ltr'>in</span> <span class='ocrx_word' id='word_1_132' title='bbox 251 1435 326 1477; x_wconf 90' lang='lat' dir='ltr'>his</span> <span class='ocrx_word' id='word_1_133' title='bbox 362 1448 546 1489; x_wconf 92' lang='lat' dir='ltr'>quoque</span> <span class='ocrx_word' id='word_1_134' title='bbox 583 1435 802 1489; x_wconf 88' lang='lat' dir='ltr'>operibus</span> <span class='ocrx_word' id='word_1_135' title='bbox 848 1436 1008 1488; x_wconf 84' lang='lat' dir='ltr'>fuerit,</span> <span class='ocrx_word' id='word_1_136' title='bbox 1046 1437 1126 1479; x_wconf 89' lang='lat' dir='ltr'>sed</span> <span class='ocrx_word' id='word_1_137' title='bbox 1171 1438 1428 1481; x_wconf 87' lang='lat' dir='ltr'>maioribus</span> 
     </span>
     <span class='ocr_line' id='line_1_21' title="bbox 155 1499 1429 1554; baseline 0.002 -13"><span class='ocrx_word' id='word_1_138' title='bbox 155 1499 327 1542; x_wconf 89' lang='lat' dir='ltr'>clarius</span> <span class='ocrx_word' id='word_1_139' title='bbox 366 1499 580 1552; x_wconf 87' lang='lat' dir='ltr'>elucebit,</span> <span class='ocrx_word' id='word_1_140' title='bbox 617 1513 725 1542; x_wconf 92' lang='lat' dir='ltr'>cum</span> <span class='ocrx_word' id='word_1_141' title='bbox 762 1501 966 1554; x_wconf 88' lang='lat' dir='ltr'>regenda</span> <span class='ocrx_word' id='word_1_142' title='bbox 1006 1504 1195 1544; x_wconf 89' lang='lat' dir='ltr'>senatus</span> <span class='ocrx_word' id='word_1_143' title='bbox 1235 1503 1429 1545; x_wconf 87' lang='lat' dir='ltr'>consilia</span> 
     </span>
     <span class='ocr_line' id='line_1_22' title="bbox 155 1564 1485 1619; baseline 0.004 -13"><span class='ocrx_word' id='word_1_144' title='bbox 155 1566 200 1607; x_wconf 89' lang='lat' dir='ltr'>et</span> <span class='ocrx_word' id='word_1_145' title='bbox 219 1564 459 1619; x_wconf 88' lang='lat' dir='ltr'>popularis</span> <span class='ocrx_word' id='word_1_146' title='bbox 479 1578 608 1607; x_wconf 87' lang='lat' dir='ltr'>error</span> <span class='ocrx_word' id='word_1_147' title='bbox 627 1564 687 1606; x_wconf 90' lang='lat' dir='ltr'>ad</span> <span class='ocrx_word' id='word_1_148' title='bbox 715 1565 909 1608; x_wconf 88' lang='lat' dir='ltr'>meliora</span> <span class='ocrx_word' id='word_1_149' title='bbox 927 1565 1179 1610; x_wconf 88' lang='lat' dir='ltr'>ducendus.</span> <span class='ocrx_word' id='word_1_150' title='bbox 1236 1568 1316 1609; x_wconf 90' lang='lat' dir='ltr'>An</span> <span class='ocrx_word' id='word_1_151' title='bbox 1334 1581 1427 1610; x_wconf 90' lang='lat' dir='ltr'>non</span> <span class='ocrx_word' id='word_1_152' title='bbox 1440 1577 1485 1612; x_wconf 82' lang='lat'>27</span> 
     </span>
     <span class='ocr_line' id='line_1_23' title="bbox 154 1629 1428 1685; baseline 0.002 -14"><span class='ocrx_word' id='word_1_153' title='bbox 154 1629 297 1672; x_wconf 87' lang='lat' dir='ltr'>talem</span> <span class='ocrx_word' id='word_1_154' title='bbox 324 1629 558 1683; x_wconf 89' lang='lat' dir='ltr'>quendam</span> <span class='ocrx_word' id='word_1_155' title='bbox 585 1629 774 1672; x_wconf 84' lang='lat' dir='ltr'>videtur</span> <span class='ocrx_word' id='word_1_156' title='bbox 802 1630 991 1673; x_wconf 83' lang='lat' dir='ltr'>finxisse</span> <span class='ocrx_word' id='word_1_157' title='bbox 1010 1631 1267 1685; x_wconf 87' lang='lat' dir='ltr'>Vergilius,</span> <span class='ocrx_word' id='word_1_158' title='bbox 1290 1646 1428 1685; x_wconf 90' lang='lat' dir='ltr'>quem</span> 
     </span>
     <span class='ocr_line' id='line_1_24' title="bbox 154 1694 1428 1748; baseline 0.002 -12"><span class='ocrx_word' id='word_1_159' title='bbox 154 1694 204 1736; x_wconf 90' lang='lat' dir='ltr'>in</span> <span class='ocrx_word' id='word_1_160' title='bbox 233 1694 460 1737; x_wconf 85' lang='lat' dir='ltr'>seditione</span> <span class='ocrx_word' id='word_1_161' title='bbox 489 1694 624 1748; x_wconf 87' lang='lat' dir='ltr'>vulgi</span> <span class='ocrx_word' id='word_1_162' title='bbox 661 1694 757 1737; x_wconf 90' lang='lat' dir='ltr'>iam</span> <span class='ocrx_word' id='word_1_163' title='bbox 794 1695 918 1738; x_wconf 82' lang='lat' dir='ltr'>faces</span> <span class='ocrx_word' id='word_1_164' title='bbox 956 1698 1002 1739; x_wconf 85' lang='lat' dir='ltr'>et</span> <span class='ocrx_word' id='word_1_165' title='bbox 1039 1708 1165 1739; x_wconf 85' lang='lat' dir='ltr'>saxa·</span> <span class='ocrx_word' id='word_1_166' title='bbox 1178 1696 1428 1740; x_wconf 79' lang='lat' dir='ltr'>iaculantis</span> 
     </span>
     <span class='ocr_line' id='line_1_25' title="bbox 154 1759 662 1802; baseline 0.002 -1"><span class='ocrx_word' id='word_1_167' title='bbox 154 1759 492 1802; x_wconf 89' lang='lat' dir='ltr'>moderatorem</span> <span class='ocrx_word' id='word_1_168' title='bbox 511 1759 662 1802; x_wconf 86' lang='lat' dir='ltr'>dedit:</span> 
     </span>
    </p>
   </div>
   <div class='ocr_carea' id='block_1_3' title="bbox 153 1858 1426 2095">
    <p class='ocr_par' dir='ltr' id='par_1_3' title="bbox 154 1858 1426 1976">
     <span class='ocr_line' id='line_1_26' title="bbox 154 1858 1426 1912; baseline 0.004 -13"><span class='ocrx_word' id='word_1_169' title='bbox 154 1859 274 1900; x_wconf 92' lang='lat' dir='ltr'>tum</span> <span class='ocrx_word' id='word_1_170' title='bbox 301 1858 525 1912; x_wconf 90' lang='lat' dir='ltr'>pietate</span> <span class='ocrx_word' id='word_1_171' title='bbox 563 1871 799 1911; x_wconf 89' lang='lat' dir='ltr'>gravem</span> <span class='ocrx_word' id='word_1_172' title='bbox 836 1872 898 1901; x_wconf 90' lang='lat' dir='ltr'>ac</span> <span class='ocrx_word' id='word_1_173' title='bbox 934 1859 1166 1903; x_wconf 89' lang='lat' dir='ltr'>meritis</span> <span class='ocrx_word' id='word_1_174' title='bbox 1194 1860 1243 1903; x_wconf 89' lang='lat' dir='ltr'>si</span> <span class='ocrx_word' id='word_1_175' title='bbox 1271 1860 1426 1904; x_wconf 85' lang='lat' dir='ltr'>forte</span> 
     </span>
     <span class='ocr_line' id='line_1_27' title="bbox 314 1936 697 1976; baseline 0 -12"><span class='ocrx_word' id='word_1_176' title='bbox 314 1936 505 1965; x_wconf 76' lang='lat' dir='ltr'>Virum</span> <span class='ocrx_word' id='word_1_177' title='bbox 533 1936 697 1976; x_wconf 89' lang='lat' dir='ltr'>quem</span> 
     </span>
    </p>

    <p class='ocr_par' dir='ltr' id='par_1_4' title="bbox 153 1987 1425 2095">
     <span class='ocr_line' id='line_1_28' title="bbox 153 1987 1425 2043; baseline 0.003 -14"><span class='ocrx_word' id='word_1_178' title='bbox 153 2000 516 2041; x_wconf 84' lang='lat' dir='ltr'>conspexere,</span> <span class='ocrx_word' id='word_1_179' title='bbox 556 1987 738 2029; x_wconf 89' lang='lat' dir='ltr'>silent</span> <span class='ocrx_word' id='word_1_180' title='bbox 777 1988 1143 2043; x_wconf 88' lang='lat' dir='ltr'>arrectisque</span> <span class='ocrx_word' id='word_1_181' title='bbox 1181 1990 1425 2033; x_wconf 88' lang='lat' dir='ltr'>auribus</span> 
     </span>
     <span class='ocr_line' id='line_1_29' title="bbox 313 2054 521 2095; baseline 0 -1"><span class='ocrx_word' id='word_1_182' title='bbox 313 2054 521 2095; x_wconf 86' lang='lat' dir='ltr'>astant.</span> 
     </span>
    </p>
   </div>
   <div class='ocr_carea' id='block_1_4' title="bbox 153 2139 1423 2258">
    <p class='ocr_par' dir='ltr' id='par_1_5' title="bbox 153 2139 1423 2258">
     <span class='ocr_line' id='line_1_30' title="bbox 155 2139 1423 2198; baseline 0.004 -17"><span class='ocrx_word' id='word_1_183' title='bbox 155 2139 393 2181; x_wconf 86' lang='lat' dir='ltr'>Habemus</span> <span class='ocrx_word' id='word_1_184' title='bbox 421 2139 571 2193; x_wconf 89' lang='lat' dir='ltr'>igitur</span> <span class='ocrx_word' id='word_1_185' title='bbox 599 2141 708 2182; x_wconf 91' lang='lat' dir='ltr'>ante</span> <span class='ocrx_word' id='word_1_186' title='bbox 729 2139 887 2182; x_wconf 84' lang='lat' dir='ltr'>omnia</span> <span class='ocrx_word' id='word_1_187' title='bbox 905 2140 1063 2183; x_wconf 87' lang='lat' dir='ltr'>virum</span> <span class='ocrx_word' id='word_1_188' title='bbox 1090 2141 1291 2195; x_wconf 89' lang='lat' dir='ltr'>bonum;</span> <span class='ocrx_word' id='word_1_189' title='bbox 1318 2145 1423 2198; x_wconf 91' lang='lat' dir='ltr'>post</span> 
     </span>
     <span class='ocr_line' id='line_1_31' title="bbox 153 2204 904 2258; baseline 0.001 -12"><span class='ocrx_word' id='word_1_190' title='bbox 153 2204 265 2246; x_wconf 86' lang='lat' dir='ltr'>haec</span> <span class='ocrx_word' id='word_1_191' title='bbox 285 2204 454 2246; x_wconf 88' lang='lat' dir='ltr'>adiecit</span> <span class='ocrx_word' id='word_1_192' title='bbox 474 2204 657 2246; x_wconf 88' lang='lat' dir='ltr'>dicendi</span> <span class='ocrx_word' id='word_1_193' title='bbox 676 2205 904 2258; x_wconf 87' lang='lat' dir='ltr'>peritum:</span> 
     </span>
    </p>
   </div>
   <div class='ocr_carea' id='block_1_5' title="bbox 153 2289 1415 2399">
    <p class='ocr_par' dir='ltr' id='par_1_6' title="bbox 153 2289 1415 2399">
     <span class='ocr_line' id='line_1_32' title="bbox 153 2289 1415 2348; baseline 0.004 -15"><span class='ocrx_word' id='word_1_194' title='bbox 153 2289 257 2334; x_wconf 91' lang='lat' dir='ltr'>ille</span> <span class='ocrx_word' id='word_1_195' title='bbox 287 2291 443 2344; x_wconf 89' lang='lat' dir='ltr'>regit</span> <span class='ocrx_word' id='word_1_196' title='bbox 471 2290 650 2333; x_wconf 88' lang='lat' dir='ltr'>dictis</span> <span class='ocrx_word' id='word_1_197' title='bbox 682 2290 905 2334; x_wconf 88' lang='lat' dir='ltr'>animos</span> <span class='ocrx_word' id='word_1_198' title='bbox 937 2293 992 2335; x_wconf 85' lang='lat' dir='ltr'>et</span> <span class='ocrx_word' id='word_1_199' title='bbox 1022 2294 1260 2348; x_wconf 82' lang='lat' dir='ltr'>pectora</span> <span class='ocrx_word' id='word_1_200' title='bbox 1287 2293 1415 2338; x_wconf 85' lang='lat' dir='ltr'>mul‹</span> 
     </span>
     <span class='ocr_line' id='line_1_33' title="bbox 313 2357 415 2399; baseline 0.01 -1"><span class='ocrx_word' id='word_1_201' title='bbox 313 2357 415 2399; x_wconf 86' lang='lat' dir='ltr'>cet.</span> 
     </span>
    </p>
   </div>
  </div>
 </body>
</html>
