1696 2638
423 181 543 216 INST.
575 180 784 215 ORATOR.
814 179 858 223 X,
889 181 921 223 5,
951 181 1005 222 22,
1036 180 1103 222 233
1134 180 1165 222 6,
1193 180 1224 214 1.
1382 180 1437 225 75

167 295 519 347 audiendarum,
555 294 772 337 nonnihil
802 294 946 337 etiam
981 294 1220 349 persuasio
1249 295 1439 348 patrum

167 361 518 404 numerantium
554 360 712 414 potius
742 359 1101 402 declamationes
1132 373 1274 413 quam
1304 359 1438 401 aesti-

167 426 411 469 mantium.
486 424 589 476 Sed,
625 424 749 478 quod
786 425 885 466 dixi
922 425 1088 479 primo,
1123 426 1178 466 ut
1224 423 1439 475 arbitror,
1450 428 1494 462 22

167 490 301 542 libro,
320 504 403 532 nec
422 490 502 532 ille
524 504 570 533 se
590 483 741 532 bonus
761 491 1030 544 praeceptor
1049 489 1225 531 maiore
1242 502 1438 531 numero

167 567 307 608 quam
347 554 575 596 sustinere
621 553 768 607 possit
805 553 1031 605 onerabit,
1068 554 1114 595 et
1150 553 1338 614 inanem
1373 551 1438 593 lo-

167 619 450 672 quacitatem
468 618 655 670 recidet,
673 620 729 660 ut
749 618 906 660 omnia
925 622 1047 671 quae
1062 619 1172 660 sunt
1190 617 1241 658 in
1260 618 1438 659 contro-

166 684 333 735 versia,
370 697 477 735 non,
514 685 568 725 ut
605 683 793 737 quidem
830 683 1012 735 volunt,
1039 696 1157 736 quae
1194 683 1245 723 in
1281 695 1438 724 rerum

167 750 351 800 natura,
379 748 620 801 dicantur3
654 750 700 790 et
728 748 804 790 vel
832 748 1042 801 longiore
1069 747 1227 802 potius
1256 745 1438 788 dierum

167 813 318 867 spatio
347 813 527 855 laxabit
558 813 741 855 dicendi
772 813 1094 855 necessitatem
1113 811 1189 854 vel
1218 812 1438 853 materias

165 877 376 920 dividere
404 878 655 931 permittet.
713 878 822 921 Una
841 878 966 919 enim
995 876 1246 930 diligenter
1274 873 1494 918 effecta23

165 942 272 996 plus
317 942 525 996 proderit
564 956 705 995 quam
742 942 899 996 plures
936 942 1179 984 inchoatae
1217 942 1263 983 et
1305 941 1439 994 quasi

165 1007 448 1060 degustatae.
505 1007 702 1061 Propter
716 1002 840 1060 quod
858 1006 1040 1058 accidit,
1058 1008 1113 1048 ut
1131 1020 1215 1049 nec
1235 1020 1319 1048 suo
1338 1005 1439 1048 loco

165 1072 370 1125 quidque
388 1074 603 1126 ponatur,
618 1086 702 1114 nec
716 1071 801 1114 illa
815 1086 933 1126 quae
952 1072 1106 1126 prima
1122 1073 1232 1114 sunt
1253 1073 1438 1114 servent

165 1150 299 1193 suam
318 1137 482 1190 legem,
501 1136 752 1179 iuvenibus
767 1136 982 1179 flosculos
1001 1137 1212 1178 omnium
1230 1136 1439 1190 partium

164 1201 216 1243 in
235 1215 289 1243 ea
308 1215 426 1255 quae
447 1203 558 1243 sunt
577 1201 752 1243 dicturi
772 1201 1155 1255 congerentibus3
1185 1214 1278 1254 quo
1298 1200 1364 1251 fit,
1382 1202 1438 1242 ut

164 1266 397 1318 timentes,
433 1279 491 1308 ne
529 1266 770 1320 sequentia
806 1265 1019 1320 perdant,
1051 1265 1210 1320 priora
1242 1265 1438 1307 confun-

165 1330 293 1374 dant.

654 1566 838 1607 CAPUT
868 1566 944 1606 VI.

581 1680 647 1712 DE
676 1680 1019 1713 coeer'rIoNE.

245 1778 329 1822 VI.
359 1777 581 1821 Proxima
617 1777 727 1819 stilo
774 1777 1064 1830 cogitatio
1111 1778 1194 1828 est,
1231 1790 1350 1831 quae
1391 1777 1438 1819 et

165 1842 267 1898 ipsa
285 1843 409 1886 vires
439 1843 498 1885 ab
528 1843 616 1884 hoc
647 1842 830 1896 accipit,
861 1843 1021 1895 estque
1055 1841 1179 1884 inter
1205 1838 1456 1884 scribendi

165 1907 372 1950 laborem
391 1907 842 1961 extemporalemque
868 1907 1109 1948 fortunam
1128 1906 1282 1948 media
1301 1920 1437 1960 quae-

166 1972 273 2014 dam
293 1975 339 2014 et
358 1972 511 2015 nescio
531 1986 591 2013 an
610 1985 723 2013 usus
749 1971 1128 2025 frequentissimi.
1186 1971 1308 2013 Nam
1328 1970 1437 2013 scri-

165 2037 274 2079 bere
287 2051 381 2079 non
399 2037 573 2090 ubique
588 2050 671 2079 nec
688 2050 868 2091 semper
887 2050 1147 2091 possumus,
1161 2036 1437 2090 cogitationi
1489 2079 1505 2094 ⁶

165 2102 388 2156 temporis
407 2116 460 2144 ac
485 2102 576 2144 loci
604 2101 864 2157 plurimum
884 2103 964 2144 est.
1022 2102 1150 2144 Haec
1177 2101 1341 2156 paucis
1360 2101 1438 2143 ad·

166 2166 358 2209 modum
385 2167 513 2209 horis
542 2181 738 2221 magnas
756 2167 899 2209 etiam
918 2180 1081 2209 causas
1100 2166 1438 2221 complectitur,

167 2231 293 2283 haec,
311 2233 526 2285 quotiens
553 2232 848 2275 intermissus
876 2234 946 2274 est
975 2245 1179 2283 somnus,
1198 2231 1314 2286 ipsis
1332 2245 1437 2273 noc-

166 2296 229 2338 tis
258 2297 461 2339 tenebris
491 2297 759 2348 adiuvatur,
777 2296 891 2338 haec
920 2296 1044 2338 inter
1073 2296 1250 2339 medios
1280 2310 1438 2338 rerum

168 2362 300 2404 actus
337 2361 517 2415 aliquid
546 2361 729 2403 invenit
759 2360 898 2403 vacui
934 2374 1019 2403 nec
1056 2361 1206 2403 otium
1243 2361 1437 2415 patitur.
