1696 2638
491 199 612 236 INST.
643 199 852 235 ORATOR.
883 199 967 242 XII,
998 200 1030 241 9,
1055 199 1172 234 14-19.
1351 200 1435 243 123

162 313 276 356 dum
304 313 540 366 dicuntur,
558 313 855 365 videbantur,
874 312 1034 365 stulta,
1053 326 1160 355 cum
1187 311 1437 365 laeserunt,

163 379 402 421 vocantur.
900 370 903 374 ⁴

244 442 395 494 Nunc,
414 442 526 496 quia
545 442 732 484 varium
752 442 850 484 fere
881 441 1174 497 propositum
1193 442 1436 495 agentium
1449 447 1493 482 14

163 507 271 559 fuit,
299 509 346 550 et
382 507 676 561 quorundam
713 521 826 549 cura
858 507 1110 559 tarditatis,
1143 506 1437 561 quorundam

163 571 368 614 facilitas
396 572 674 614 temeritatis
694 572 889 614 crimine
908 571 1158 623 laboravit,
1176 585 1316 626 quem
1344 585 1437 614 cre-

163 636 270 678 dam
291 636 391 678 fore
417 637 467 678 in
485 637 573 679 hoc
593 636 791 690 oratoris
814 636 1020 688 modum,
1039 635 1223 678 tradere
1241 649 1335 677 non
1354 635 1437 677 ali-

164 714 305 743 enum
317 700 516 744 videtur.
559 701 757 743 Adferet
772 700 831 742 ad
846 700 1095 743 dicendum
1110 713 1247 742 curae
1260 712 1439 754 semper
1451 708 1493 742 15

164 767 394 819 quantum
423 765 681 820 plurimum
722 765 918 820 poterit3
957 778 1106 819 neque
1134 764 1259 807 enim
1287 763 1438 806 solum

165 829 468 883 neglegentis,
488 830 567 872 sed
594 830 709 872 mali
728 832 774 872 et
802 830 853 871 in
873 827 1088 884 suscepta
1106 842 1246 871 causa
1272 828 1438 883 perfidi

165 908 219 936 ac
241 895 493 949 proditoris
513 893 595 947 est,
614 895 748 949 peius
767 908 903 948 agere
922 908 1065 948 quam
1094 894 1253 948 possit.
1310 893 1439 936 Ideo·

165 972 254 1012 que
283 973 342 1001 ne
372 959 691 1013 suscipiendae
719 959 908 1013 quidem
936 961 1047 1001 sunt
1075 972 1240 1001 causae
1267 958 1439 1013 plures,

165 1037 307 1077 quam
326 1024 497 1077 quibus
523 1024 832 1066 suffecturum
851 1037 898 1066 se
918 1024 1045 1067 sciat.
1103 1023 1237 1066 Dicet
1266 1023 1440 1077 scripta
1452 1027 1495 1062 16

165 1102 306 1142 quam
320 1102 394 1131 res
413 1089 620 1143 patietur
638 1089 844 1143 plurima
863 1091 922 1141 et,
936 1091 991 1131 ut
1011 1088 1344 1130 Demosthenes
1358 1088 1439 1140 ait,

165 1153 205 1196 si
225 1154 478 1207 continget,
497 1156 543 1196 et
562 1154 756 1209 sculpta.
775 1206 778 1208 ,
814 1154 903 1197 Sed
921 1154 1008 1196 hoc
1028 1156 1111 1196 aut
1130 1154 1308 1208 primae
1327 1153 1438 1195 acti-

165 1231 274 1260 ones
293 1221 376 1260 aut
395 1232 513 1272 quae
532 1218 583 1260 in
601 1219 804 1273 publicis
822 1219 1011 1260 iudiciis
1039 1220 1144 1272 post
1172 1218 1439 1260 interiectos

165 1281 262 1324 dies
282 1282 455 1324 dantur
474 1284 795 1337 permiserint3
824 1285 873 1325 at
892 1297 999 1325 cum
1019 1283 1235 1337 protinus
1254 1296 1438 1337 respon-

165 1346 369 1394 dendum
400 1349 482 1399 est,
512 1348 670 1390 omnia
698 1348 857 1403 parari
885 1362 979 1390 non
1009 1350 1219 1403 possunt,
1241 1348 1355 1390 adeo
1383 1349 1439 1390 ut

164 1411 480 1465 paulominus
510 1413 741 1467 promptis
759 1413 902 1456 etiam
932 1415 1096 1455 noceat
1130 1413 1380 1467 scripsisse,
1399 1413 1439 1455 si

164 1476 258 1519 alia
297 1491 353 1519 ex
386 1477 584 1529 diverso,
613 1491 755 1532 quam
783 1478 964 1533 opinati
997 1478 1200 1529 fuerant,
1232 1491 1439 1520 occurre-

164 1541 272 1584 rint.
330 1542 477 1584 Inviti
496 1542 623 1584 enim
641 1543 864 1585 recedunt
889 1557 917 1585 a
946 1543 1234 1597 praeparatis
1264 1545 1310 1585 et
1339 1545 1440 1585 tota
1452 1547 1495 1582 17

163 1606 344 1648 actione
366 1607 623 1661 respiciunt
651 1607 1002 1661 requiruntque,
1030 1622 1146 1649 num
1175 1607 1354 1661 aliquid
1382 1621 1439 1649 ex

163 1670 259 1713 illis
289 1671 527 1714 intervelli
558 1674 699 1726 atque
727 1686 784 1714 ex
816 1674 1024 1726 tempore
1055 1672 1262 1714 dicendis
1295 1672 1438 1715 inseri

163 1736 309 1790 possit
325 1753 336 1788 ;
355 1736 479 1790 quod
499 1736 539 1778 si
558 1737 655 1789 fiat,
674 1751 769 1779 non
788 1737 1003 1779 cohaeret
1022 1750 1106 1779 nec
1122 1737 1439 1779 commissuris

163 1801 314 1852 modo,
332 1803 387 1842 ut
405 1801 456 1842 in
476 1815 612 1855 opere
631 1801 751 1844 male
770 1802 945 1854 iuncto,
964 1802 1220 1854 hiantibus,
1239 1802 1319 1844 sed
1337 1802 1440 1856 ipsa

163 1865 331 1907 coloris
359 1866 693 1919 inaequalitate
713 1866 960 1920 detegitur.
1019 1867 1094 1909 Ita
1111 1881 1196 1909 nec
1226 1867 1345 1909 liber
1370 1869 1440 1909 est
1452 1870 1495 1905 18

163 1930 366 1984 impetus
401 1929 486 1973 nec
519 1944 634 1973 cura
670 1933 901 1983 contexta,
938 1932 985 1973 et
1011 1933 1265 1985 utrumque
1302 1931 1439 1973 alteri
1499 1944 1501 1946 ·

164 1995 342 2049 obstat3
370 1995 455 2037 illa
482 1996 621 2047 enim,
635 2009 754 2049 quae
774 1996 949 2051 scripta
977 1999 1100 2048 sunt,
1119 1997 1323 2039 retinent
1342 1997 1439 2039 ani-

164 2073 308 2112 mum,
333 2074 427 2102 non
458 2063 729 2114 sequuntur.
788 2061 953 2115 Itaque
985 2061 1037 2103 in
1067 2061 1143 2104 his
1176 2061 1440 2104 actionibus

164 2125 331 2177 omni,
350 2127 404 2167 ut
423 2125 655 2179 agricolae
675 2125 852 2177 dicunt,
870 2126 1010 2180 pede
1041 2126 1310 2168 standum
1341 2129 1437 2170 est.

165 2190 287 2232 Nam
315 2204 422 2232 cum
450 2191 501 2232 in
533 2191 849 2245 propositione
887 2205 939 2233 ac
977 2192 1262 2234 refutatione
1300 2206 1439 2234 causa
1452 2198 1495 2231 19

165 2254 400 2306 consistat,
433 2268 551 2308 quae
581 2257 767 2298 nostrae
800 2255 949 2309 partis
980 2259 1103 2308 sunt,
1136 2256 1311 2310 scripta
1343 2270 1439 2299 esse

164 2322 373 2374 possunt,
410 2333 528 2373 quae
566 2319 708 2361 etiam
745 2333 1078 2374 responsurum
1116 2320 1439 2363 adversarium

165 2386 345 2427 certum
363 2386 446 2436 est,
463 2383 550 2438 (est
569 2384 694 2426 enim
713 2383 965 2440 aliquando
985 2385 1182 2438 certum)
1203 2385 1308 2441 pari
1326 2399 1440 2429 cura
