<?xml version="1.0" encoding="UTF-8"?>
<!DOCTYPE html PUBLIC "-//W3C//DTD XHTML 1.0 Transitional//EN"
    "http://www.w3.org/TR/xhtml1/DTD/xhtml1-transitional.dtd">
<html xmlns="http://www.w3.org/1999/xhtml" xml:lang="en" lang="en">
 <head>
  <title>
</title>
<meta http-equiv="Content-Type" content="text/html;charset=utf-8" />
  <meta name='ocr-system' content='tesseract 3.04.00' />
  <meta name='ocr-capabilities' content='ocr_page ocr_carea ocr_par ocr_line ocrx_word'/>
</head>
<body>
  <div class='ocr_page' id='page_1' title='image "./tenthtwelfthbook00quinuoft_0132.png"; bbox 0 0 1696 2638; ppageno 0'>
   <div class='ocr_carea' id='block_1_1' title="bbox 260 154 1240 197">
    <p class='ocr_par' dir='ltr' id='par_1_1' title="bbox 260 154 1240 197">
     <span class='ocr_line' id='line_1_1' title="bbox 260 154 1240 197; baseline 0.001 -9"><span class='ocrx_word' id='word_1_1' title='bbox 260 155 343 197; x_wconf 83' lang='lat'>128</span> <span class='ocrx_word' id='word_1_2' title='bbox 530 154 649 189; x_wconf 75' lang='lat' dir='ltr'>msr.</span> <span class='ocrx_word' id='word_1_3' title='bbox 682 154 888 189; x_wconf 80' lang='lat' dir='ltr'>ORATOR.</span> <span class='ocrx_word' id='word_1_4' title='bbox 921 154 1004 196; x_wconf 85' lang='grc' dir='ltr'>ΧΠ,</span> <span class='ocrx_word' id='word_1_5' title='bbox 1037 155 1088 196; x_wconf 83' lang='grc'>10,</span> <span class='ocrx_word' id='word_1_6' title='bbox 1121 155 1240 190; x_wconf 83' lang='grc'>16-19.</span> 
     </span>
    </p>
   </div>
   <div class='ocr_carea' id='block_1_2' title="bbox 201 265 1550 2383">
    <p class='ocr_par' dir='ltr' id='par_1_2' title="bbox 258 265 1550 696">
     <span class='ocr_line' id='line_1_2' title="bbox 259 265 1525 322; baseline 0.002 -14"><span class='ocrx_word' id='word_1_7' title='bbox 259 268 369 309; x_wconf 87' lang='lat' dir='ltr'>sunt</span> <span class='ocrx_word' id='word_1_8' title='bbox 389 267 526 319; x_wconf 90' lang='lat' dir='ltr'>enim,</span> <span class='ocrx_word' id='word_1_9' title='bbox 546 267 627 320; x_wconf 91' lang='lat' dir='ltr'>qui</span> <span class='ocrx_word' id='word_1_10' title='bbox 657 281 766 309; x_wconf 89' lang='lat' dir='ltr'>suae</span> <span class='ocrx_word' id='word_1_11' title='bbox 794 267 1108 310; x_wconf 71' lang='lat' dir='ltr'>imbecillitati</span> <span class='ocrx_word' id='word_1_12' title='bbox 1138 267 1352 309; x_wconf 89' lang='lat' dir='ltr'>sanitatis</span> <span class='ocrx_word' id='word_1_13' title='bbox 1373 265 1525 322; x_wconf 87' lang='lat' dir='ltr'>appel-</span> 
     </span>
     <span class='ocr_line' id='line_1_3' title="bbox 258 330 1526 385; baseline 0 -12"><span class='ocrx_word' id='word_1_14' title='bbox 258 330 493 383; x_wconf 73' lang='lat' dir='ltr'>lationem,</span> <span class='ocrx_word' id='word_1_15' title='bbox 514 345 630 385; x_wconf 91' lang='lat' dir='ltr'>quae</span> <span class='ocrx_word' id='word_1_16' title='bbox 659 333 727 373; x_wconf 91' lang='lat' dir='ltr'>est</span> <span class='ocrx_word' id='word_1_17' title='bbox 755 332 956 374; x_wconf 79' lang='lat' dir='ltr'>maxime</span> <span class='ocrx_word' id='word_1_18' title='bbox 976 331 1222 382; x_wconf 89' lang='lat' dir='ltr'>contraria,</span> <span class='ocrx_word' id='word_1_19' title='bbox 1245 331 1502 373; x_wconf 90' lang='lat' dir='ltr'>obtendunt</span> <span class='ocrx_word' id='word_1_20' title='bbox 1514 348 1526 385; x_wconf 92' lang='lat'>;</span> 
     </span>
     <span class='ocr_line' id='line_1_4' title="bbox 259 395 1526 450; baseline 0.001 -13"><span class='ocrx_word' id='word_1_21' title='bbox 259 395 355 450; x_wconf 90' lang='lat' dir='ltr'>qui,</span> <span class='ocrx_word' id='word_1_22' title='bbox 383 396 493 449; x_wconf 89' lang='lat' dir='ltr'>quia</span> <span class='ocrx_word' id='word_1_23' title='bbox 521 395 763 437; x_wconf 89' lang='lat' dir='ltr'>clariorem</span> <span class='ocrx_word' id='word_1_24' title='bbox 782 396 881 437; x_wconf 89' lang='lat' dir='ltr'>vim</span> <span class='ocrx_word' id='word_1_25' title='bbox 909 396 1196 449; x_wconf 86' lang='lat' dir='ltr'>eloquentiae</span> <span class='ocrx_word' id='word_1_26' title='bbox 1224 395 1355 437; x_wconf 91' lang='lat' dir='ltr'>velut</span> <span class='ocrx_word' id='word_1_27' title='bbox 1384 395 1526 438; x_wconf 88' lang='lat' dir='ltr'>solem</span> 
     </span>
     <span class='ocr_line' id='line_1_5' title="bbox 260 459 1527 514; baseline -0.001 -12"><span class='ocrx_word' id='word_1_28' title='bbox 260 460 382 502; x_wconf 81' lang='lat' dir='ltr'>ferre</span> <span class='ocrx_word' id='word_1_29' title='bbox 414 474 508 502; x_wconf 92' lang='lat' dir='ltr'>non</span> <span class='ocrx_word' id='word_1_30' title='bbox 544 462 752 514; x_wconf 80' lang='lat' dir='ltr'>possunt,</span> <span class='ocrx_word' id='word_1_31' title='bbox 784 460 953 502; x_wconf 89' lang='lat' dir='ltr'>umbra</span> <span class='ocrx_word' id='word_1_32' title='bbox 990 460 1151 513; x_wconf 87' lang='lat' dir='ltr'>magni</span> <span class='ocrx_word' id='word_1_33' title='bbox 1181 459 1383 501; x_wconf 87' lang='lat' dir='ltr'>nominis</span> <span class='ocrx_word' id='word_1_34' title='bbox 1416 460 1527 502; x_wconf 90' lang='lat' dir='ltr'>deli-</span> 
     </span>
     <span class='ocr_line' id='line_1_6' title="bbox 259 523 1550 578; baseline 0.001 -12"><span class='ocrx_word' id='word_1_35' title='bbox 259 526 453 567; x_wconf 87' lang='lat' dir='ltr'>tescunt.</span> <span class='ocrx_word' id='word_1_36' title='bbox 525 524 706 578; x_wconf 78' lang='lat' dir='ltr'>Quibus</span> <span class='ocrx_word' id='word_1_37' title='bbox 746 524 857 577; x_wconf 88' lang='lat' dir='ltr'>quia</span> <span class='ocrx_word' id='word_1_38' title='bbox 890 524 1041 566; x_wconf 90' lang='lat' dir='ltr'>multa</span> <span class='ocrx_word' id='word_1_39' title='bbox 1078 526 1124 566; x_wconf 89' lang='lat' dir='ltr'>et</span> <span class='ocrx_word' id='word_1_40' title='bbox 1161 523 1377 578; x_wconf 85' lang='lat' dir='ltr'>pluribus</span> <span class='ocrx_word' id='word_1_41' title='bbox 1413 523 1550 567; x_wconf 49' lang='lat' dir='ltr'>locis&gt;</span> 
     </span>
     <span class='ocr_line' id='line_1_7' title="bbox 262 588 1528 643; baseline 0 -13"><span class='ocrx_word' id='word_1_42' title='bbox 262 589 421 632; x_wconf 82' lang='lat' dir='ltr'>Cicero</span> <span class='ocrx_word' id='word_1_43' title='bbox 451 589 549 642; x_wconf 90' lang='lat' dir='ltr'>ipse</span> <span class='ocrx_word' id='word_1_44' title='bbox 579 589 830 643; x_wconf 83' lang='lat' dir='ltr'>respondit,</span> <span class='ocrx_word' id='word_1_45' title='bbox 854 588 1002 631; x_wconf 92' lang='lat' dir='ltr'>tutior</span> <span class='ocrx_word' id='word_1_46' title='bbox 1033 588 1151 630; x_wconf 91' lang='lat' dir='ltr'>mihi</span> <span class='ocrx_word' id='word_1_47' title='bbox 1182 588 1238 631; x_wconf 88' lang='lat' dir='ltr'>de</span> <span class='ocrx_word' id='word_1_48' title='bbox 1270 588 1358 631; x_wconf 92' lang='lat' dir='ltr'>hoc</span> <span class='ocrx_word' id='word_1_49' title='bbox 1389 588 1528 631; x_wconf 88' lang='lat' dir='ltr'>disse-</span> 
     </span>
     <span class='ocr_line' id='line_1_8' title="bbox 260 653 735 696; baseline 0.002 -1"><span class='ocrx_word' id='word_1_50' title='bbox 260 653 393 696; x_wconf 90' lang='lat' dir='ltr'>rendi</span> <span class='ocrx_word' id='word_1_51' title='bbox 410 653 616 696; x_wconf 78' lang='lat' dir='ltr'>brevitas</span> <span class='ocrx_word' id='word_1_52' title='bbox 636 653 735 696; x_wconf 89' lang='lat' dir='ltr'>erit.</span> 
     </span>
    </p>

    <p class='ocr_par' dir='ltr' id='par_1_3' title="bbox 201 717 1531 1352">
     <span class='ocr_line' id='line_1_9' title="bbox 201 717 1528 771; baseline -0.003 -8"><span class='ocrx_word' id='word_1_53' title='bbox 201 728 241 763; x_wconf 86' lang='lat'>16</span> <span class='ocrx_word' id='word_1_54' title='bbox 341 718 404 759; x_wconf 87' lang='lat' dir='ltr'>Et</span> <span class='ocrx_word' id='word_1_55' title='bbox 432 718 626 771; x_wconf 90' lang='lat' dir='ltr'>antiqua</span> <span class='ocrx_word' id='word_1_56' title='bbox 645 717 833 771; x_wconf 89' lang='lat' dir='ltr'>quidem</span> <span class='ocrx_word' id='word_1_57' title='bbox 861 717 944 759; x_wconf 91' lang='lat' dir='ltr'>illa</span> <span class='ocrx_word' id='word_1_58' title='bbox 963 717 1132 759; x_wconf 89' lang='lat' dir='ltr'>divisio</span> <span class='ocrx_word' id='word_1_59' title='bbox 1152 717 1275 759; x_wconf 91' lang='lat' dir='ltr'>inter</span> <span class='ocrx_word' id='word_1_60' title='bbox 1294 717 1528 759; x_wconf 89' lang='lat' dir='ltr'>Atticos</span> 
     </span>
     <span class='ocr_line' id='line_1_10' title="bbox 261 781 1530 836; baseline -0.002 -11"><span class='ocrx_word' id='word_1_61' title='bbox 261 784 400 836; x_wconf 88' lang='lat' dir='ltr'>atque</span> <span class='ocrx_word' id='word_1_62' title='bbox 432 782 682 825; x_wconf 85' lang='lat' dir='ltr'>Asianos</span> <span class='ocrx_word' id='word_1_63' title='bbox 716 782 823 834; x_wconf 79' lang='lat' dir='ltr'>fuit,</span> <span class='ocrx_word' id='word_1_64' title='bbox 857 796 964 824; x_wconf 89' lang='lat' dir='ltr'>cum</span> <span class='ocrx_word' id='word_1_65' title='bbox 996 782 1047 824; x_wconf 92' lang='lat' dir='ltr'>hi</span> <span class='ocrx_word' id='word_1_66' title='bbox 1085 782 1231 836; x_wconf 89' lang='lat' dir='ltr'>pressi</span> <span class='ocrx_word' id='word_1_67' title='bbox 1264 784 1309 824; x_wconf 90' lang='lat' dir='ltr'>et</span> <span class='ocrx_word' id='word_1_68' title='bbox 1342 781 1530 835; x_wconf 87' lang='lat' dir='ltr'>integri,</span> 
     </span>
     <span class='ocr_line' id='line_1_11' title="bbox 262 846 1529 899; baseline -0.002 -10"><span class='ocrx_word' id='word_1_69' title='bbox 262 849 423 889; x_wconf 91' lang='lat' dir='ltr'>contra</span> <span class='ocrx_word' id='word_1_70' title='bbox 441 847 593 889; x_wconf 87' lang='lat' dir='ltr'>inflati</span> <span class='ocrx_word' id='word_1_71' title='bbox 612 847 683 888; x_wconf 89' lang='lat' dir='ltr'>illi</span> <span class='ocrx_word' id='word_1_72' title='bbox 704 849 749 889; x_wconf 89' lang='lat' dir='ltr'>et</span> <span class='ocrx_word' id='word_1_73' title='bbox 772 847 933 889; x_wconf 86' lang='lat' dir='ltr'>inanes</span> <span class='ocrx_word' id='word_1_74' title='bbox 952 847 1261 899; x_wconf 88' lang='lat' dir='ltr'>haberentur;</span> <span class='ocrx_word' id='word_1_75' title='bbox 1286 846 1336 887; x_wconf 92' lang='lat' dir='ltr'>in</span> <span class='ocrx_word' id='word_1_76' title='bbox 1365 846 1441 888; x_wconf 89' lang='lat' dir='ltr'>his</span> <span class='ocrx_word' id='word_1_77' title='bbox 1460 846 1529 888; x_wconf 94' lang='lat' dir='ltr'>ni-</span> 
     </span>
     <span class='ocr_line' id='line_1_12' title="bbox 260 911 1529 966; baseline -0.002 -12"><span class='ocrx_word' id='word_1_78' title='bbox 260 912 330 954; x_wconf 89' lang='lat' dir='ltr'>hil</span> <span class='ocrx_word' id='word_1_79' title='bbox 350 912 663 966; x_wconf 85' lang='lat' dir='ltr'>superfiueret,</span> <span class='ocrx_word' id='word_1_80' title='bbox 682 911 777 953; x_wconf 88' lang='lat' dir='ltr'>illis</span> <span class='ocrx_word' id='word_1_81' title='bbox 806 911 1033 953; x_wconf 88' lang='lat' dir='ltr'>iudicium</span> <span class='ocrx_word' id='word_1_82' title='bbox 1061 911 1263 953; x_wconf 83' lang='lat' dir='ltr'>maxime</span> <span class='ocrx_word' id='word_1_83' title='bbox 1292 925 1344 952; x_wconf 90' lang='lat' dir='ltr'>ac</span> <span class='ocrx_word' id='word_1_84' title='bbox 1364 911 1529 953; x_wconf 86' lang='lat' dir='ltr'>modus</span> 
     </span>
     <span class='ocr_line' id='line_1_13' title="bbox 262 975 1530 1030; baseline -0.002 -11"><span class='ocrx_word' id='word_1_85' title='bbox 262 976 448 1019; x_wconf 88' lang='lat' dir='ltr'>deesset.</span> <span class='ocrx_word' id='word_1_86' title='bbox 506 976 640 1030; x_wconf 79' lang='lat' dir='ltr'>Quod</span> <span class='ocrx_word' id='word_1_87' title='bbox 678 976 883 1029; x_wconf 89' lang='lat' dir='ltr'>quidam,</span> <span class='ocrx_word' id='word_1_88' title='bbox 922 990 1121 1029; x_wconf 89' lang='lat' dir='ltr'>quorum</span> <span class='ocrx_word' id='word_1_89' title='bbox 1159 977 1204 1017; x_wconf 93' lang='lat' dir='ltr'>et</span> <span class='ocrx_word' id='word_1_90' title='bbox 1243 975 1412 1018; x_wconf 85' lang='lat' dir='ltr'>Santra</span> <span class='ocrx_word' id='word_1_91' title='bbox 1448 977 1530 1026; x_wconf 91' lang='lat' dir='ltr'>est,</span> 
     </span>
     <span class='ocr_line' id='line_1_14' title="bbox 261 1039 1530 1095; baseline -0.002 -12"><span class='ocrx_word' id='word_1_92' title='bbox 261 1041 348 1083; x_wconf 91' lang='lat' dir='ltr'>hoc</span> <span class='ocrx_word' id='word_1_93' title='bbox 394 1042 563 1095; x_wconf 90' lang='lat' dir='ltr'>putant</span> <span class='ocrx_word' id='word_1_94' title='bbox 601 1040 833 1092; x_wconf 88' lang='lat' dir='ltr'>accidisse,</span> <span class='ocrx_word' id='word_1_95' title='bbox 872 1040 1009 1093; x_wconf 90' lang='lat' dir='ltr'>quod,</span> <span class='ocrx_word' id='word_1_96' title='bbox 1046 1039 1275 1094; x_wconf 91' lang='lat' dir='ltr'>paulatim</span> <span class='ocrx_word' id='word_1_97' title='bbox 1323 1052 1530 1080; x_wconf 89' lang='lat' dir='ltr'>sermone</span> 
     </span>
     <span class='ocr_line' id='line_1_15' title="bbox 263 1103 1530 1159; baseline -0.003 -11"><span class='ocrx_word' id='word_1_98' title='bbox 263 1105 440 1149; x_wconf 81' lang='lat' dir='ltr'>Graeco</span> <span class='ocrx_word' id='word_1_99' title='bbox 486 1105 536 1146; x_wconf 89' lang='lat' dir='ltr'>in</span> <span class='ocrx_word' id='word_1_100' title='bbox 582 1105 817 1159; x_wconf 85' lang='lat' dir='ltr'>proximas</span> <span class='ocrx_word' id='word_1_101' title='bbox 855 1105 996 1146; x_wconf 90' lang='lat' dir='ltr'>Asiae</span> <span class='ocrx_word' id='word_1_102' title='bbox 1043 1104 1257 1146; x_wconf 91' lang='lat' dir='ltr'>civitates</span> <span class='ocrx_word' id='word_1_103' title='bbox 1294 1103 1530 1154; x_wconf 90' lang='lat' dir='ltr'>influente,</span> 
     </span>
     <span class='ocr_line' id='line_1_16' title="bbox 261 1167 1530 1223; baseline -0.003 -11"><span class='ocrx_word' id='word_1_104' title='bbox 261 1170 469 1212; x_wconf 88' lang='lat' dir='ltr'>nondum</span> <span class='ocrx_word' id='word_1_105' title='bbox 485 1169 596 1211; x_wconf 86' lang='lat' dir='ltr'>satis</span> <span class='ocrx_word' id='word_1_106' title='bbox 616 1169 751 1223; x_wconf 89' lang='lat' dir='ltr'>periti</span> <span class='ocrx_word' id='word_1_107' title='bbox 772 1169 991 1222; x_wconf 93' lang='lat' dir='ltr'>loquendi</span> <span class='ocrx_word' id='word_1_108' title='bbox 1007 1168 1278 1210; x_wconf 80' lang='lat' dir='ltr'>facundiam</span> <span class='ocrx_word' id='word_1_109' title='bbox 1291 1167 1530 1221; x_wconf 88' lang='lat' dir='ltr'>concupie-</span> 
     </span>
     <span class='ocr_line' id='line_1_17' title="bbox 261 1232 1531 1288; baseline -0.002 -12"><span class='ocrx_word' id='word_1_110' title='bbox 261 1235 371 1286; x_wconf 90' lang='lat' dir='ltr'>rint,</span> <span class='ocrx_word' id='word_1_111' title='bbox 403 1234 597 1288; x_wconf 90' lang='lat' dir='ltr'>ideoque</span> <span class='ocrx_word' id='word_1_112' title='bbox 630 1248 696 1285; x_wconf 90' lang='lat' dir='ltr'>ea,</span> <span class='ocrx_word' id='word_1_113' title='bbox 727 1247 844 1287; x_wconf 88' lang='lat' dir='ltr'>quae</span> <span class='ocrx_word' id='word_1_114' title='bbox 876 1233 1061 1287; x_wconf 90' lang='lat' dir='ltr'>proprie</span> <span class='ocrx_word' id='word_1_115' title='bbox 1095 1232 1270 1285; x_wconf 83' lang='lat' dir='ltr'>signari</span> <span class='ocrx_word' id='word_1_116' title='bbox 1302 1233 1531 1285; x_wconf 89' lang='lat' dir='ltr'>poterant,</span> 
     </span>
     <span class='ocr_line' id='line_1_18' title="bbox 262 1296 1531 1352; baseline -0.002 -12"><span class='ocrx_word' id='word_1_117' title='bbox 262 1298 463 1341; x_wconf 88' lang='lat' dir='ltr'>circuitu</span> <span class='ocrx_word' id='word_1_118' title='bbox 482 1298 716 1352; x_wconf 83' lang='lat' dir='ltr'>coeperint</span> <span class='ocrx_word' id='word_1_119' title='bbox 745 1298 987 1340; x_wconf 90' lang='lat' dir='ltr'>enuntiare</span> <span class='ocrx_word' id='word_1_120' title='bbox 1007 1311 1060 1339; x_wconf 90' lang='lat' dir='ltr'>ac</span> <span class='ocrx_word' id='word_1_121' title='bbox 1080 1297 1244 1338; x_wconf 91' lang='lat' dir='ltr'>deinde</span> <span class='ocrx_word' id='word_1_122' title='bbox 1272 1296 1323 1337; x_wconf 93' lang='lat' dir='ltr'>in</span> <span class='ocrx_word' id='word_1_123' title='bbox 1352 1309 1404 1338; x_wconf 93' lang='lat' dir='ltr'>eo</span> <span class='ocrx_word' id='word_1_124' title='bbox 1431 1309 1531 1349; x_wconf 90' lang='lat' dir='ltr'>per-</span> 
     </span>
    </p>

    <p class='ocr_par' dir='ltr' id='par_1_4' title="bbox 203 1360 1531 1674">
     <span class='ocr_line' id='line_1_19' title="bbox 203 1360 1531 1406; baseline -0.002 -2"><span class='ocrx_word' id='word_1_125' title='bbox 203 1367 245 1403; x_wconf 80' lang='lat'>17</span> <span class='ocrx_word' id='word_1_126' title='bbox 263 1363 530 1406; x_wconf 89' lang='lat' dir='ltr'>severarint.</span> <span class='ocrx_word' id='word_1_127' title='bbox 602 1363 723 1404; x_wconf 87' lang='lat' dir='ltr'>Mihi</span> <span class='ocrx_word' id='word_1_128' title='bbox 761 1364 918 1404; x_wconf 88' lang='lat' dir='ltr'>autem</span> <span class='ocrx_word' id='word_1_129' title='bbox 956 1361 1179 1403; x_wconf 87' lang='lat' dir='ltr'>orationis</span> <span class='ocrx_word' id='word_1_130' title='bbox 1217 1360 1531 1402; x_wconf 85' lang='lat' dir='ltr'>differentiam</span> 
     </span>
     <span class='ocr_line' id='line_1_20' title="bbox 262 1424 1531 1470; baseline -0.002 -1"><span class='ocrx_word' id='word_1_131' title='bbox 262 1427 425 1470; x_wconf 83' lang='lat' dir='ltr'>fecisse</span> <span class='ocrx_word' id='word_1_132' title='bbox 445 1429 491 1469; x_wconf 87' lang='lat' dir='ltr'>&#39;et</span> <span class='ocrx_word' id='word_1_133' title='bbox 511 1427 767 1469; x_wconf 89' lang='lat' dir='ltr'>dicentium</span> <span class='ocrx_word' id='word_1_134' title='bbox 787 1428 833 1468; x_wconf 91' lang='lat' dir='ltr'>et</span> <span class='ocrx_word' id='word_1_135' title='bbox 852 1426 1144 1468; x_wconf 88' lang='lat' dir='ltr'>audientium</span> <span class='ocrx_word' id='word_1_136' title='bbox 1163 1427 1358 1467; x_wconf 89' lang='lat' dir='ltr'>naturae</span> <span class='ocrx_word' id='word_1_137' title='bbox 1373 1424 1531 1467; x_wconf 87' lang='lat' dir='ltr'>viden-</span> 
     </span>
     <span class='ocr_line' id='line_1_21' title="bbox 262 1488 1531 1545; baseline -0.003 -11"><span class='ocrx_word' id='word_1_138' title='bbox 262 1494 354 1544; x_wconf 83' lang='lat' dir='ltr'>tur,</span> <span class='ocrx_word' id='word_1_139' title='bbox 373 1492 497 1545; x_wconf 88' lang='lat' dir='ltr'>quod</span> <span class='ocrx_word' id='word_1_140' title='bbox 517 1491 668 1533; x_wconf 89' lang='lat' dir='ltr'>Attici</span> <span class='ocrx_word' id='word_1_141' title='bbox 696 1491 849 1532; x_wconf 88' lang='lat' dir='ltr'>limati</span> <span class='ocrx_word' id='word_1_142' title='bbox 880 1490 1070 1543; x_wconf 89' lang='lat' dir='ltr'>quidam</span> <span class='ocrx_word' id='word_1_143' title='bbox 1101 1491 1146 1531; x_wconf 86' lang='lat' dir='ltr'>et</span> <span class='ocrx_word' id='word_1_144' title='bbox 1176 1489 1381 1531; x_wconf 90' lang='lat' dir='ltr'>emuncti</span> <span class='ocrx_word' id='word_1_145' title='bbox 1410 1488 1531 1530; x_wconf 89' lang='lat' dir='ltr'>nihil</span> 
     </span>
     <span class='ocr_line' id='line_1_22' title="bbox 262 1554 1531 1606; baseline -0.003 -8"><span class='ocrx_word' id='word_1_146' title='bbox 262 1556 399 1599; x_wconf 88' lang='lat' dir='ltr'>inane</span> <span class='ocrx_word' id='word_1_147' title='bbox 437 1558 520 1598; x_wconf 90' lang='lat' dir='ltr'>aut</span> <span class='ocrx_word' id='word_1_148' title='bbox 556 1555 821 1598; x_wconf 89' lang='lat' dir='ltr'>redundans</span> <span class='ocrx_word' id='word_1_149' title='bbox 851 1555 1077 1605; x_wconf 81' lang='lat' dir='ltr'>ferebant,</span> <span class='ocrx_word' id='word_1_150' title='bbox 1106 1554 1283 1595; x_wconf 90' lang='lat' dir='ltr'>Asiana</span> <span class='ocrx_word' id='word_1_151' title='bbox 1320 1567 1432 1606; x_wconf 87' lang='lat' dir='ltr'>gens</span> <span class='ocrx_word' id='word_1_152' title='bbox 1458 1555 1531 1595; x_wconf 92' lang='lat' dir='ltr'>tu-</span> 
     </span>
     <span class='ocr_line' id='line_1_23' title="bbox 262 1617 1531 1674; baseline -0.004 -11"><span class='ocrx_word' id='word_1_153' title='bbox 262 1621 432 1663; x_wconf 90' lang='lat' dir='ltr'>midior</span> <span class='ocrx_word' id='word_1_154' title='bbox 477 1620 653 1674; x_wconf 89' lang='lat' dir='ltr'>alioqui</span> <span class='ocrx_word' id='word_1_155' title='bbox 699 1622 838 1673; x_wconf 91' lang='lat' dir='ltr'>atque</span> <span class='ocrx_word' id='word_1_156' title='bbox 875 1619 1124 1661; x_wconf 88' lang='lat' dir='ltr'>iactantior</span> <span class='ocrx_word' id='word_1_157' title='bbox 1161 1618 1352 1659; x_wconf 88' lang='lat' dir='ltr'>vaniore</span> <span class='ocrx_word' id='word_1_158' title='bbox 1390 1617 1531 1659; x_wconf 89' lang='lat' dir='ltr'>etiam</span> 
     </span>
    </p>

    <p class='ocr_par' dir='ltr' id='par_1_5' title="bbox 203 1682 1532 1996">
     <span class='ocr_line' id='line_1_24' title="bbox 203 1682 1531 1739; baseline -0.001 -15"><span class='ocrx_word' id='word_1_159' title='bbox 203 1691 245 1725; x_wconf 88' lang='grc'>18</span> <span class='ocrx_word' id='word_1_160' title='bbox 263 1685 445 1728; x_wconf 91' lang='lat' dir='ltr'>dicendi</span> <span class='ocrx_word' id='word_1_161' title='bbox 491 1685 641 1739; x_wconf 87' lang='lat' dir='ltr'>gloria</span> <span class='ocrx_word' id='word_1_162' title='bbox 677 1685 841 1726; x_wconf 87' lang='lat' dir='ltr'>inflata</span> <span class='ocrx_word' id='word_1_163' title='bbox 879 1685 958 1726; x_wconf 88' lang='lat' dir='ltr'>est.</span> <span class='ocrx_word' id='word_1_164' title='bbox 1034 1684 1244 1725; x_wconf 89' lang='lat' dir='ltr'>Tertium</span> <span class='ocrx_word' id='word_1_165' title='bbox 1290 1696 1412 1733; x_wconf 85' lang='lat' dir='ltr'>mox,</span> <span class='ocrx_word' id='word_1_166' title='bbox 1450 1682 1531 1735; x_wconf 89' lang='lat' dir='ltr'>qui</span> 
     </span>
     <span class='ocr_line' id='line_1_25' title="bbox 262 1747 1531 1802; baseline -0.004 -9"><span class='ocrx_word' id='word_1_167' title='bbox 262 1751 375 1793; x_wconf 90' lang='lat' dir='ltr'>haec</span> <span class='ocrx_word' id='word_1_168' title='bbox 404 1751 688 1801; x_wconf 86' lang='lat' dir='ltr'>dividebant,</span> <span class='ocrx_word' id='word_1_169' title='bbox 717 1750 984 1791; x_wconf 89' lang='lat' dir='ltr'>adiecerunt</span> <span class='ocrx_word' id='word_1_170' title='bbox 1018 1762 1197 1802; x_wconf 84' lang='lat' dir='ltr'>genus</span> <span class='ocrx_word' id='word_1_171' title='bbox 1230 1747 1531 1799; x_wconf 87' lang='lat' dir='ltr'>Rhodium,</span> 
     </span>
     <span class='ocr_line' id='line_1_26' title="bbox 264 1812 1531 1869; baseline -0.004 -11"><span class='ocrx_word' id='word_1_172' title='bbox 264 1815 387 1869; x_wconf 90' lang='lat' dir='ltr'>quod</span> <span class='ocrx_word' id='word_1_173' title='bbox 401 1815 531 1857; x_wconf 88' lang='lat' dir='ltr'>velut</span> <span class='ocrx_word' id='word_1_174' title='bbox 549 1815 755 1857; x_wconf 89' lang='lat' dir='ltr'>medium</span> <span class='ocrx_word' id='word_1_175' title='bbox 771 1828 866 1856; x_wconf 87' lang='lat' dir='ltr'>esse</span> <span class='ocrx_word' id='word_1_176' title='bbox 887 1816 1025 1867; x_wconf 91' lang='lat' dir='ltr'>atque</span> <span class='ocrx_word' id='word_1_177' title='bbox 1041 1827 1097 1855; x_wconf 86' lang='lat' dir='ltr'>ex</span> <span class='ocrx_word' id='word_1_178' title='bbox 1115 1815 1314 1866; x_wconf 88' lang='lat' dir='ltr'>utroque</span> <span class='ocrx_word' id='word_1_179' title='bbox 1328 1812 1531 1853; x_wconf 87' lang='lat' dir='ltr'>mixtum</span> 
     </span>
     <span class='ocr_line' id='line_1_27' title="bbox 263 1877 1531 1933; baseline -0.003 -11"><span class='ocrx_word' id='word_1_180' title='bbox 263 1880 453 1933; x_wconf 88' lang='lat' dir='ltr'>volunt;</span> <span class='ocrx_word' id='word_1_181' title='bbox 481 1893 630 1933; x_wconf 89' lang='lat' dir='ltr'>neque</span> <span class='ocrx_word' id='word_1_182' title='bbox 659 1879 781 1921; x_wconf 89' lang='lat' dir='ltr'>enim</span> <span class='ocrx_word' id='word_1_183' title='bbox 811 1879 969 1920; x_wconf 88' lang='lat' dir='ltr'>Attice</span> <span class='ocrx_word' id='word_1_184' title='bbox 1002 1878 1147 1932; x_wconf 88' lang='lat' dir='ltr'>pressi</span> <span class='ocrx_word' id='word_1_185' title='bbox 1177 1891 1325 1931; x_wconf 88' lang='lat' dir='ltr'>neque</span> <span class='ocrx_word' id='word_1_186' title='bbox 1355 1877 1531 1919; x_wconf 91' lang='lat' dir='ltr'>Asiane</span> 
     </span>
     <span class='ocr_line' id='line_1_28' title="bbox 265 1941 1532 1996; baseline -0.003 -10"><span class='ocrx_word' id='word_1_187' title='bbox 265 1946 374 1987; x_wconf 87' lang='lat' dir='ltr'>sunt</span> <span class='ocrx_word' id='word_1_188' title='bbox 411 1944 714 1995; x_wconf 88' lang='lat' dir='ltr'>abundantes,</span> <span class='ocrx_word' id='word_1_189' title='bbox 750 1945 804 1985; x_wconf 92' lang='lat' dir='ltr'>ut</span> <span class='ocrx_word' id='word_1_190' title='bbox 851 1942 1029 1996; x_wconf 89' lang='lat' dir='ltr'>aliquid</span> <span class='ocrx_word' id='word_1_191' title='bbox 1075 1942 1245 1984; x_wconf 89' lang='lat' dir='ltr'>habere</span> <span class='ocrx_word' id='word_1_192' title='bbox 1282 1941 1532 1983; x_wconf 88' lang='lat' dir='ltr'>videantur</span> 
     </span>
    </p>

    <p class='ocr_par' dir='ltr' id='par_1_6' title="bbox 204 2005 1533 2383">
     <span class='ocr_line' id='line_1_29' title="bbox 204 2005 1532 2062; baseline -0.003 -12"><span class='ocrx_word' id='word_1_193' title='bbox 204 2016 246 2050; x_wconf 88' lang='lat'>19</span> <span class='ocrx_word' id='word_1_194' title='bbox 264 2009 430 2062; x_wconf 87' lang='lat' dir='ltr'>gentis,</span> <span class='ocrx_word' id='word_1_195' title='bbox 467 2008 645 2061; x_wconf 91' lang='lat' dir='ltr'>aliquid</span> <span class='ocrx_word' id='word_1_196' title='bbox 691 2007 905 2049; x_wconf 89' lang='lat' dir='ltr'>auctoris.</span> <span class='ocrx_word' id='word_1_197' title='bbox 981 2006 1236 2048; x_wconf 89' lang='lat' dir='ltr'>Aeschines</span> <span class='ocrx_word' id='word_1_198' title='bbox 1273 2005 1412 2057; x_wconf 91' lang='lat' dir='ltr'>enim,</span> <span class='ocrx_word' id='word_1_199' title='bbox 1451 2005 1532 2058; x_wconf 90' lang='lat' dir='ltr'>qui</span> 
     </span>
     <span class='ocr_line' id='line_1_30' title="bbox 263 2069 1533 2125; baseline -0.003 -11"><span class='ocrx_word' id='word_1_200' title='bbox 263 2073 389 2115; x_wconf 91' lang='lat' dir='ltr'>hunc</span> <span class='ocrx_word' id='word_1_201' title='bbox 426 2072 565 2114; x_wconf 83' lang='lat' dir='ltr'>exilio</span> <span class='ocrx_word' id='word_1_202' title='bbox 603 2072 835 2125; x_wconf 86' lang='lat' dir='ltr'>delegerat</span> <span class='ocrx_word' id='word_1_203' title='bbox 871 2071 1039 2122; x_wconf 90' lang='lat' dir='ltr'>locum,</span> <span class='ocrx_word' id='word_1_204' title='bbox 1077 2070 1241 2112; x_wconf 89' lang='lat' dir='ltr'>intulit</span> <span class='ocrx_word' id='word_1_205' title='bbox 1288 2084 1340 2112; x_wconf 93' lang='lat' dir='ltr'>eo</span> <span class='ocrx_word' id='word_1_206' title='bbox 1375 2069 1533 2111; x_wconf 87' lang='lat' dir='ltr'>studia</span> 
     </span>
     <span class='ocr_line' id='line_1_31' title="bbox 264 2133 1532 2191; baseline -0.003 -12"><span class='ocrx_word' id='word_1_207' title='bbox 264 2138 573 2189; x_wconf 87' lang='lat' dir='ltr'>Athenarum,</span> <span class='ocrx_word' id='word_1_208' title='bbox 593 2151 724 2191; x_wconf 86' lang='lat' dir='ltr'>quae,</span> <span class='ocrx_word' id='word_1_209' title='bbox 743 2136 874 2178; x_wconf 91' lang='lat' dir='ltr'>velut</span> <span class='ocrx_word' id='word_1_210' title='bbox 904 2133 1004 2177; x_wconf 88' lang='lat' dir='ltr'>sata</span> <span class='ocrx_word' id='word_1_211' title='bbox 1033 2135 1260 2188; x_wconf 90' lang='lat' dir='ltr'>quaedam</span> <span class='ocrx_word' id='word_1_212' title='bbox 1289 2134 1415 2176; x_wconf 89' lang='lat' dir='ltr'>caelo</span> <span class='ocrx_word' id='word_1_213' title='bbox 1442 2135 1532 2175; x_wconf 89' lang='lat' dir='ltr'>ter-</span> 
     </span>
     <span class='ocr_line' id='line_1_32' title="bbox 264 2199 1533 2255; baseline -0.003 -12"><span class='ocrx_word' id='word_1_214' title='bbox 264 2215 406 2255; x_wconf 91' lang='lat' dir='ltr'>raque</span> <span class='ocrx_word' id='word_1_215' title='bbox 436 2201 730 2254; x_wconf 84' lang='lat' dir='ltr'>degenerant,</span> <span class='ocrx_word' id='word_1_216' title='bbox 762 2214 971 2254; x_wconf 89' lang='lat' dir='ltr'>saporem</span> <span class='ocrx_word' id='word_1_217' title='bbox 1001 2200 1139 2241; x_wconf 90' lang='lat' dir='ltr'>illum</span> <span class='ocrx_word' id='word_1_218' title='bbox 1159 2199 1375 2241; x_wconf 87' lang='lat' dir='ltr'>Atticum</span> <span class='ocrx_word' id='word_1_219' title='bbox 1406 2211 1533 2252; x_wconf 88' lang='lat' dir='ltr'>pere-</span> 
     </span>
     <span class='ocr_line' id='line_1_33' title="bbox 265 2262 1533 2320; baseline -0.003 -13"><span class='ocrx_word' id='word_1_220' title='bbox 265 2267 400 2320; x_wconf 88' lang='lat' dir='ltr'>grino</span> <span class='ocrx_word' id='word_1_221' title='bbox 428 2266 726 2307; x_wconf 86' lang='lat' dir='ltr'>miscuerunt.</span> <span class='ocrx_word' id='word_1_222' title='bbox 785 2265 923 2306; x_wconf 89' lang='lat' dir='ltr'>Lenti</span> <span class='ocrx_word' id='word_1_223' title='bbox 951 2278 1060 2317; x_wconf 83' lang='lat' dir='ltr'>ergo</span> <span class='ocrx_word' id='word_1_224' title='bbox 1080 2263 1271 2316; x_wconf 88' lang='lat' dir='ltr'>quidam</span> <span class='ocrx_word' id='word_1_225' title='bbox 1294 2277 1347 2304; x_wconf 93' lang='lat' dir='ltr'>ac</span> <span class='ocrx_word' id='word_1_226' title='bbox 1376 2262 1533 2304; x_wconf 86' lang='lat' dir='ltr'>remis-</span> 
     </span>
     <span class='ocr_line' id='line_1_34' title="bbox 265 2326 1533 2383; baseline -0.004 -11"><span class='ocrx_word' id='word_1_227' title='bbox 265 2330 320 2382; x_wconf 91' lang='lat' dir='ltr'>si,</span> <span class='ocrx_word' id='word_1_228' title='bbox 338 2344 431 2372; x_wconf 90' lang='lat' dir='ltr'>non</span> <span class='ocrx_word' id='word_1_229' title='bbox 452 2331 549 2372; x_wconf 90' lang='lat' dir='ltr'>sine</span> <span class='ocrx_word' id='word_1_230' title='bbox 577 2329 777 2383; x_wconf 89' lang='lat' dir='ltr'>pondere</span> <span class='ocrx_word' id='word_1_231' title='bbox 796 2331 967 2380; x_wconf 89' lang='lat' dir='ltr'>tamen,</span> <span class='ocrx_word' id='word_1_232' title='bbox 986 2342 1133 2381; x_wconf 87' lang='lat' dir='ltr'>neque</span> <span class='ocrx_word' id='word_1_233' title='bbox 1162 2327 1374 2369; x_wconf 85' lang='lat' dir='ltr'>fontibus</span> <span class='ocrx_word' id='word_1_234' title='bbox 1401 2326 1533 2380; x_wconf 84' lang='lat' dir='ltr'>puris</span> 
     </span>
    </p>
   </div>
  </div>
 </body>
</html>
