1696 2638
251 207 336 250 124
466 205 588 240 1NsT.
620 205 827 240 ORATOR.
858 204 941 247 ΧΠ,
971 205 1003 247 9,
1034 205 1087 247 20,
1118 205 1182 246 213
1214 204 1263 248 10,
1297 204 1325 240 1.

248 318 540 362 refelluntur.
615 318 692 361 Ad
739 318 832 360 alia
876 332 1024 360 unum
1069 319 1285 372 paratum
1331 317 1513 360 adferre

249 397 507 438 possumus,
537 385 591 425 ut
621 397 808 425 causam
837 383 953 425 bene
982 383 1274 435 noverimus3
1313 382 1513 424 alterum

249 448 316 490 ibi
350 462 542 500 sumere,
571 450 626 489 ut
657 447 886 489 dicentem
916 447 1236 489 adversarium
1266 446 1514 500 diligenter

194 527 238 561 20
250 513 504 555 audiamus.
577 513 706 554 Licet
742 514 899 554 tamen
944 511 1259 566 praecogitare
1295 511 1432 566 plura
1468 513 1515 554 et

250 577 459 619 animum
497 576 555 618 ad
593 576 742 618 omnis
780 590 912 618 casus
949 590 1233 630 componere,
1270 576 1408 630 idque
1445 578 1515 618 est

250 642 401 683 tutius
439 641 560 693 stilo,
592 655 683 694 quo
723 640 910 683 facilius
943 642 989 682 et
1028 641 1264 682 omittitur
1293 636 1518 694 cogitatio

196 722 239 756 21
251 709 296 748 et
327 706 618 748 transfertur.
678 706 765 748 Sed
803 706 901 748 sive
930 706 981 748 in
1017 706 1333 760 respondendo
1371 706 1515 748 fuerit

252 771 406 813 subito
426 770 686 822 dicendum,
706 770 803 812 sive
823 784 939 824 quae
954 770 1047 812 alia
1066 771 1133 812 ita
1153 771 1356 824 exegerit
1381 770 1516 823 ratio,

251 850 345 877 non
373 849 641 889 oppressum
661 849 707 877 se
727 849 780 877 ac
801 835 1137 889 deprehensum
1166 835 1319 877 credet
1347 837 1516 887 orator,

252 900 328 943 cui
358 899 604 953 disciplina
634 901 679 941 et
710 899 918 941 studium
950 901 996 941 et
1037 900 1306 942 exercitatio
1339 899 1516 942 dederit

251 965 376 1007 vires
395 965 537 1006 etiam
557 964 813 1016 facilitatis,
835 978 1063 1018 quemque
1079 966 1313 1006 armatum
1339 978 1517 1019 semper

251 1043 304 1071 ac
324 1029 453 1071 velut
472 1029 522 1070 in
541 1029 782 1083 procinctu
798 1030 997 1070 stantem
1016 1042 1110 1070 non
1128 1029 1279 1082 magis
1292 1043 1516 1083 umquam

251 1095 302 1137 in
321 1094 471 1137 causis
491 1094 639 1136 oratio
659 1107 800 1147 quam
830 1093 880 1135 in
910 1094 1048 1135 rebus
1081 1093 1328 1136 cotidianis
1358 1107 1411 1136 ac
1440 1094 1518 1136 do-

251 1159 455 1202 mesticis
487 1172 635 1200 sermo
655 1158 858 1211 deficiet3
886 1172 969 1200 nec
1000 1171 1047 1200 se
1076 1172 1300 1212 umquam
1330 1160 1518 1213 propter

251 1223 339 1265 hoc
370 1222 497 1264 oneri
528 1222 784 1274 subtrahet,
816 1222 954 1264 modo
986 1222 1047 1264 sit
1080 1235 1244 1264 causae
1276 1221 1519 1266 discendae

251 1289 459 1342 tempus3
486 1300 596 1329 nam
615 1288 766 1329 cetera
785 1300 964 1341 semper
983 1286 1108 1331 sciet.

748 1564 931 1604 CAPUT
963 1563 1016 1603 X.

618 1689 683 1720 DE
712 1688 908 1720 GENERE
937 1688 1152 1720 DIOENDI.

333 1797 392 1841 X.
423 1796 653 1851 Superest,
671 1797 726 1838 ut
746 1795 898 1838 dicam
917 1795 972 1837 de
992 1809 1197 1848 genere
1217 1796 1517 1840 orationis.

254 1863 346 1905 Hic
375 1864 474 1905 erat
501 1861 766 1916 propositus
795 1875 823 1902 a
859 1860 993 1902 nobis
1020 1859 1071 1902 in
1103 1860 1330 1902 divisione
1367 1862 1519 1915 prima

252 1926 382 1969 locus
412 1926 605 1979 tertius3
633 1939 744 1966 nam
774 1925 842 1966 ita
871 1923 1187 1978 promiseram,
1217 1937 1291 1966 me
1321 1923 1376 1966 de
1406 1927 1519 1976 arte,

254 1991 310 2034 de
337 1991 526 2042 artifice,
545 1990 600 2032 de
638 2003 773 2044 opere
801 1989 1049 2031 dicturum.
1108 1989 1228 2031 Cum
1264 1988 1325 2031 sit
1362 1991 1519 2031 autem

254 2056 504 2098 rhetorices
533 2056 671 2108 atque
701 2053 896 2096 oratoris
929 2067 1044 2107 opus
1084 2053 1245 2105 oratio,
1272 2053 1520 2108 pluresque

254 2120 353 2162 eius
372 2120 562 2170 formae,
578 2119 698 2160 sicut
718 2118 971 2169 ostendam,
986 2117 1037 2159 in
1057 2118 1271 2159 omnibus
1291 2117 1365 2160 his
1384 2120 1430 2160 et
1445 2131 1520 2160 ars

254 2187 324 2227 est
353 2186 398 2226 et
435 2184 630 2236 artifex3
667 2183 925 2237 plurimum
961 2184 1119 2224 tamen
1156 2182 1358 2225 invicem
1390 2183 1520 2225 diffe-

254 2251 380 2300 runt,
398 2262 481 2290 nec
502 2248 652 2289 solum
673 2247 833 2301 specie,
852 2249 907 2288 ut
927 2246 1114 2299 signum
1134 2247 1267 2299 signo
1287 2249 1333 2289 et
1358 2246 1521 2289 tabula

254 2313 441 2355 tabulae
454 2315 499 2354 et
519 2313 639 2354 actio
659 2311 846 2362 actioni,
867 2311 945 2352 sed
974 2324 1140 2363 genere
1167 2311 1281 2364 ipso,
1299 2313 1355 2353 ut
1378 2311 1520 2355 Grae-

254 2377 322 2420 cis
350 2376 630 2419 Tuscanicae
650 2377 844 2427 statuae,
862 2376 917 2416 ut
937 2374 1140 2417 Asianus
1160 2375 1376 2429 eloquens
1395 2375 1520 2418 Atti-
