1696 2638
227 150 310 192 122
509 148 630 183 ms'r.
662 148 869 182 ORATOR.
902 148 984 190 xn,
1015 150 1046 191 9,
1077 149 1174 183 9-13.

225 276 336 304 vera
374 261 561 315 quidem
600 261 904 313 obiecturum,
941 262 1032 303 nisi
1069 262 1117 304 id
1155 276 1294 305 causa
1330 262 1488 317 exigit,

191 326 420 376 9credam.
477 327 547 368 Ea
584 328 652 368 est
690 326 813 368 enim
849 340 1038 380 prorsus
1076 327 1296 379 canina,
1332 329 1387 369 ut
1423 327 1490 369 ait

225 391 422 444 Appius,
438 390 712 444 eloquentia,
732 390 1024 444 cognituram
1043 390 1164 433 male
1183 390 1365 433 dicendi
1384 391 1490 434 sub-

224 455 315 508 ire;
344 455 467 508 quod
487 454 768 497 facientibus
793 455 933 497 etiam
962 455 1082 497 male
1113 455 1332 498 audiendi
1362 470 1489 510 prae-

224 519 446 562 sumenda
465 519 692 573 patientia
712 521 791 562 est.
849 519 970 561 Nam
991 522 1036 562 et
1055 519 1106 561 in
1124 520 1248 574 ipsos
1268 521 1320 562 fit
1348 520 1490 575 impe-

224 586 300 625 tus
320 584 600 637 frequenter,
619 583 700 636 qui
730 586 938 637 egerunt,
958 586 1002 626 et
1031 586 1154 626 certe
1181 584 1489 638 petulantiam

223 649 408 702 patroni
427 648 638 702 litigator
656 648 758 691 luit.
815 648 902 691 Sed
930 648 1042 691 haec
1061 649 1242 691 minora
1261 651 1370 691 sunt
1388 649 1489 703 ipso

223 713 304 754 illo
333 713 451 754 vitio
480 713 639 764 animi,
659 713 782 766 quod
815 713 1068 755 maledicus
1102 728 1129 755 a
1157 714 1364 756 malefico
1396 728 1490 756 non

168 781 212 816 10
224 778 367 820 distat
397 778 488 820 nisi
519 778 765 821 occasione.
824 779 993 832 Turpis
1024 778 1241 832 voluptas
1272 781 1317 821 et
1354 779 1490 820 inhu-

223 857 362 885 mana
381 846 426 886 et
446 843 566 884 nulli
588 842 881 885 audientium
901 843 1022 885 bono
1042 845 1176 896 grata
1196 857 1223 885 a
1242 843 1490 897 litigatori-

222 908 310 951 bus
356 908 544 961 quidem
590 907 856 961 frequenter
894 908 1112 961 exigitur,
1145 908 1226 961 qui
1263 908 1490 951 ultionem

223 972 406 1014 malunt
426 986 566 1025 quam
595 972 920 1015 defensionem.
979 972 1066 1015 Sed
1094 986 1243 1026 neque
1262 972 1355 1014 alia
1373 972 1491 1014 mul-

223 1039 273 1079 ta
291 1037 350 1079 ad
369 1036 619 1078 arbitrium
636 1050 795 1079 eorum
814 1037 1027 1079 facienda
1047 1039 1181 1090 sunt3
1200 1037 1287 1079 hoc
1302 1037 1491 1091 quidem

224 1102 328 1155 quis
360 1102 604 1143 hominum
634 1101 770 1144 liberi
803 1102 939 1143 modo
973 1102 1216 1155 sanguinis
1250 1102 1490 1154 sustineat,

169 1178 209 1212 11
224 1166 438 1220 petulans
468 1180 563 1209 esse
583 1167 641 1208 ad
672 1166 864 1209 alterius
890 1166 1176 1209 arbitrium?
1231 1167 1381 1220 Atqui
1410 1167 1491 1209 eti-

224 1245 300 1273 am
319 1231 370 1272 in
389 1231 638 1274 advocatos
657 1231 804 1285 partis
824 1231 1044 1273 adversae
1063 1231 1262 1273 libenter
1276 1231 1491 1273 nonnulli

224 1296 537 1349 invehuntur3
567 1296 704 1350 quod,
724 1296 815 1338 nisi
836 1296 875 1338 si
905 1296 1026 1338 forte
1045 1298 1329 1348 meruerunt,
1349 1298 1395 1338 et
1422 1297 1491 1338 in-

223 1360 483 1403 humanum
503 1363 572 1403 est
591 1362 803 1415 respectu
823 1361 1141 1402 communium
1162 1360 1430 1412 officiorum,
1445 1363 1491 1403 et

225 1439 330 1467 cum
345 1425 435 1479 ipsi
454 1425 535 1479 qui
559 1426 673 1468 dicit
695 1424 862 1467 inutile
885 1424 1012 1478 (nam
1028 1425 1151 1467 idem
1171 1425 1288 1467 iuris
1306 1439 1491 1479 respon-

225 1490 346 1531 suris
377 1489 549 1543 datur),
569 1491 673 1531 tum
702 1503 865 1531 causae
895 1489 1195 1540 contrarium,
1214 1489 1326 1542 quia
1352 1489 1490 1543 plane

225 1551 480 1596 adversarii
506 1554 626 1596 fiunt
656 1556 701 1596 et
730 1553 924 1605 inimici,
936 1555 981 1596 et
1011 1554 1491 1608 quantulumcumque

170 1630 212 1664 12
225 1619 291 1662 eis
310 1619 484 1660 virium
504 1620 586 1670 est,
606 1618 886 1660 contumelia
906 1621 1115 1671 augetur.
1174 1619 1320 1672 Super
1335 1618 1491 1660 omnia

224 1683 344 1738 perit
362 1683 459 1734 illa,
473 1697 590 1737 quae
609 1683 867 1737 plurimum
882 1683 1055 1724 oratori
1075 1685 1120 1725 et
1140 1683 1432 1725 auctoritatis
1447 1684 1492 1725 et

225 1748 332 1791 fidei
360 1748 527 1799 adfert,
546 1747 786 1799 modestia,
806 1748 844 1789 si
865 1761 892 1789 a
911 1747 1015 1789 viro
1044 1747 1166 1789 bono
1198 1747 1248 1788 in
1278 1747 1492 1789 rabulam

225 1813 586 1866 latratoremque
633 1812 934 1863 convertitur,
981 1811 1263 1865 compositus
1307 1825 1400 1853 non
1433 1812 1492 1854 ad

226 1878 436 1920 animum
472 1877 654 1928 iudicis,
685 1877 763 1919 sed
801 1877 859 1918 ad
898 1877 1189 1918 stomachum
1225 1876 1491 1930 litigatoris,

171 1954 213 1988 13
226 1943 512 1996 Frequenter
542 1942 682 1984 etiam
714 1942 886 1995 species
918 1941 1149 1984 libertatis
1179 1941 1403 1983 deducere
1433 1941 1492 1983 ad

225 2007 535 2050 temeritatem
555 2006 670 2048 solet
691 2020 783 2048 non
803 2006 953 2048 causis
973 2005 1123 2057 modo,
1143 2005 1221 2047 sed
1249 2005 1363 2059 ipsis
1382 2018 1492 2058 quo-

226 2086 328 2125 que,
361 2072 442 2125 qui
480 2072 712 2122 dixerunt,
749 2070 1068 2124 periculosam.
1126 2070 1220 2112 Nec
1258 2069 1492 2111 immerito

226 2137 426 2179 Pericles
456 2136 630 2178 solebat
661 2137 833 2189 optare,
852 2149 909 2177 ne
942 2134 1065 2188 quod
1095 2134 1185 2176 sibi
1216 2134 1412 2176 verbum
1441 2134 1492 2175 in

225 2203 428 2243 mentem
456 2200 648 2251 veniret,
677 2214 768 2253 quo
796 2199 996 2254 populus
1025 2199 1346 2241 offenderetur.
1404 2198 1492 2241 Sed

226 2265 350 2319 quod
368 2265 447 2306 ille
467 2265 522 2306 de
542 2264 727 2318 populo,
746 2264 795 2305 id
815 2277 899 2317 ego
919 2264 974 2305 de
995 2263 1210 2305 omnibus
1231 2262 1393 2314 sentio,
1407 2262 1509 2316 qui,

226 2329 501 2372 tantundem
538 2330 730 2383 possunt
767 2342 941 2370 nocere.
1016 2328 1137 2369 Nam
1179 2341 1295 2381 quae
1335 2327 1490 2379 fortia,
