1696 2638
450 175 572 211 INST.
605 173 813 209 ORATOR.
845 172 929 215 XII,
962 173 1014 215 10,
1045 173 1164 207 39-43.
1351 173 1434 215 133

163 291 320 332 autem
357 302 514 331 rerum
551 289 597 330 et
634 285 771 328 modo
807 286 854 328 et
890 283 1064 327 iudicio
1102 298 1198 326 esse
1236 282 1435 337 similes;

164 354 415 397 verborum
451 353 618 406 gratia,
647 365 790 405 quam
826 350 878 392 in
914 350 1028 404 ipsis
1065 363 1160 391 non
1195 348 1433 400 habemus,

164 418 450 461 extrinsecus
469 416 726 460 condienda
744 418 825 459 est.
883 416 963 457 An
982 428 1076 456 non
1094 415 1146 456 in
1171 413 1371 468 privatis
1390 416 1435 455 et
1448 422 1490 455 39

164 485 329 525 acutus
348 485 394 524 et
413 481 714 524 indistinctus
733 483 779 523 et
797 494 893 522 non
913 493 1055 533 supra
1073 478 1266 521 modum
1285 478 1435 520 elatus

165 548 226 590 M.
266 547 488 589 Tullius?
541 560 636 588 non
673 545 724 587 in
762 545 823 587 M.
863 544 1046 588 Calidio
1083 544 1284 597 insignis
1321 543 1435 585 haec

164 612 353 655 virtus?
393 625 488 653 non
518 610 683 664 Scipio.
717 609 919 660 Laelius,
950 608 1067 652 Cato
1097 608 1148 650 in
1181 607 1436 661 eloquendo

164 677 295 720 velut
331 675 483 719 Attici
519 676 838 718 Romanorum
875 674 1106 721 fuerunt?
1172 673 1262 716 Oui
1298 686 1436 727 porro

164 755 258 783 non
278 741 390 783 satis
409 742 492 791 est,
511 753 603 793 quo
622 739 743 780 nihil
763 752 859 781 esse
878 738 1047 780 melius
1067 739 1221 792 potest
1240 739 1258 780 Ρ

245 806 323 848 Ad
341 806 428 847 hoc
456 804 648 877 quidam
666 803 847 846 nullam
867 816 963 845 esse
982 802 1247 844 naturalem
1266 803 1437 874 putant
1448 806 1493 840 40

165 870 490 924 eloquentiam,
535 868 628 910 nisi
676 881 795 922 quae
842 867 904 910 sit
953 867 1188 909 cotidiano
1236 866 1437 908 sermoni

166 935 418 986 simillima,
450 947 542 987 quo
576 932 684 975 cum
721 932 897 984 amicis,
931 931 1224 1003 coniugibus,
1262 930 1437 982 liberis,

166 999 312 1041 servis
334 998 596 1052 loquamur,
616 999 833 1039 contento
863 1010 1075 1050 promere
1106 995 1253 1037 animi
1273 995 1437 1037 volun-

164 1058 311 1106 tatem
330 1063 541 1116 nihilque
572 1061 781 1104 arcessiti
813 1063 859 1104 et
888 1060 1116 1103 elaborati
1149 1059 1437 1113 requirente3

165 1128 393 1182 quidquid
422 1127 606 1169 11116811)
636 1126 887 1180 adjectum,
905 1126 955 1168 id
988 1139 1085 1168 esse
1110 1124 1438 1167 adfectationis

165 1195 212 1236 et
241 1192 513 1235 ambitiosae
543 1193 594 1233 in
623 1191 854 1246 loquendo
874 1190 1139 1241 iactantiae,
1159 1191 1391 1232 remotum
1410 1203 1438 1231 a

165 1259 363 1300 veritate
411 1257 663 1311 fictumque
711 1257 923 1311 ipsorum
970 1256 1125 1309 gratia
1173 1255 1438 1306 verborum,

165 1323 336 1377 quibus
356 1322 506 1364 solum
525 1324 696 1364 natura
715 1322 777 1364 sit
808 1321 1012 1364 officium
1031 1320 1328 1371 attributum,
1348 1333 1449 1361 ser--

139 1381 142 1383 “
166 1388 267 1430 vire
295 1387 528 1430 sensibus:
559 1387 680 1429 sicut
708 1386 994 1428 athletarum
1023 1399 1229 1439 corpora,
1255 1384 1438 1427 etiamsi
1450 1390 1492 1424 41

165 1452 395 1495 validiora
414 1452 529 1493 fiant
549 1450 879 1494 exercitatione
899 1453 945 1492 et
972 1450 1075 1504 lege
1095 1449 1297 1503 quadam
1316 1449 1438 1491 cibo-

166 1532 286 1568 rum,
322 1531 416 1558 non
452 1518 610 1559 tamen
647 1530 744 1559 esse
790 1515 1027 1558 naturalia
1073 1517 1213 1568 atque
1251 1514 1310 1556 ab
1356 1513 1440 1555 illa

166 1583 329 1637 specie,
359 1595 476 1635 quae
514 1581 575 1623 sit
612 1595 826 1624 concessa
862 1580 1146 1631 hominibus,
1177 1579 1436 1621 abhorrere.

167 1643 292 1702 Quid
322 1647 460 1697 enim,
488 1646 725 1700 inquiunt,
754 1645 924 1688 attinet
954 1645 1157 1688 circuitu
1187 1658 1260 1686 res
1290 1646 1439 1686 osten-

166 1712 273 1754 dere
306 1714 351 1754 et
380 1711 782 1763 translationibus,
806 1710 857 1752 id
889 1712 959 1752 est
992 1712 1075 1752 aut
1107 1709 1324 1763 pluribus
1357 1710 1440 1750 aut

167 1777 331 1819 alienis
368 1776 538 1827 verbis,
571 1790 679 1818 cum
726 1789 811 1818 sua
848 1775 1016 1828 cuique
1053 1775 1148 1816 sint
1194 1773 1441 1827 adsignata

166 1841 390 1884 nomina?
436 1840 646 1894 Denique
665 1840 1046 1894 antiquissimum
1066 1852 1294 1892 quemque
1312 1852 1440 1880 max-
1452 1845 1496 1878 42

167 1906 260 1948 ime
279 1905 534 1948 secundum
553 1907 771 1947 naturam
791 1905 963 1946 dixisse
992 1903 1303 1956 contendunt;
1330 1916 1441 1945 mox

167 1971 316 2024 poetis
344 1969 592 2012 similiores
620 1970 843 2021 extitisse,
863 1969 1047 2011 etiamsi
1075 1968 1276 2023 parcius,
1296 1966 1440 2010 simili

168 2037 327 2077 tamen
352 2034 547 2085 ratione,
566 2034 686 2076 falsa
705 2036 751 2076 et
773 2033 1032 2088 impropria
1050 2033 1253 2075 virtutes
1273 2031 1441 2074 ducen-

169 2099 243 2143 tis,
300 2099 404 2153 Qua
431 2099 482 2140 in
510 2098 826 2152 disputatione
853 2097 1071 2140 nonnihil
1089 2097 1190 2142 veri
1219 2096 1441 2149 681),1(160-

170 2178 259 2218 que
277 2179 372 2206 non
394 2166 492 2206 tam
519 2163 697 2218 procul,
716 2177 859 2216 quam
877 2163 932 2205 fit
959 2177 988 2204 a
1006 2162 1303 2216 quibusdam,
1321 2176 1441 2205 rece-

170 2229 374 2271 dendum
404 2243 432 2271 a
460 2227 662 2283 propriis
692 2230 832 2282 atque
862 2227 1199 2270 communibus.
1258 2226 1307 2270 Si
1336 2227 1496 2281 quis43

170 2295 341 2345 tamen,
359 2296 414 2335 ut
432 2293 483 2335 in
509 2293 613 2336 loco
640 2292 740 2335 dixi
768 2292 1131 2347 compositionis,
1151 2291 1210 2334 ad
1238 2306 1442 2334 necessa·

171 2358 256 2411 ria,
274 2358 444 2412 quibus
462 2357 584 2412 nihil
603 2358 761 2400 minus
780 2359 863 2410 est,
883 2357 1062 2411 aliquid
1081 2357 1249 2399 melius
1268 2356 1442 2399 adiece-
