<?xml version="1.0" encoding="UTF-8"?>
<!DOCTYPE html PUBLIC "-//W3C//DTD XHTML 1.0 Transitional//EN"
    "http://www.w3.org/TR/xhtml1/DTD/xhtml1-transitional.dtd">
<html xmlns="http://www.w3.org/1999/xhtml" xml:lang="en" lang="en">
 <head>
  <title>
</title>
<meta http-equiv="Content-Type" content="text/html;charset=utf-8" />
  <meta name='ocr-system' content='tesseract 3.04.00' />
  <meta name='ocr-capabilities' content='ocr_page ocr_carea ocr_par ocr_line ocrx_word'/>
</head>
<body>
  <div class='ocr_page' id='page_1' title='image "./tenthtwelfthbook00quinuoft_0099.png"; bbox 0 0 1696 2638; ppageno 0'>
   <div class='ocr_carea' id='block_1_1' title="bbox 441 177 1431 223">
    <p class='ocr_par' dir='ltr' id='par_1_1' title="bbox 441 177 1431 223">
     <span class='ocr_line' id='line_1_1' title="bbox 441 177 1431 223; baseline 0.003 -11"><span class='ocrx_word' id='word_1_1' title='bbox 441 177 563 213; x_wconf 87' lang='lat' dir='ltr'>lNST.</span> <span class='ocrx_word' id='word_1_2' title='bbox 595 178 804 213; x_wconf 84' lang='lat' dir='ltr'><strong>ORATOR.</strong></span> <span class='ocrx_word' id='word_1_3' title='bbox 837 178 920 221; x_wconf 89' lang='lat' dir='ltr'>XII,</span> <span class='ocrx_word' id='word_1_4' title='bbox 954 179 984 221; x_wconf 92' lang='lat'>1,</span> <span class='ocrx_word' id='word_1_5' title='bbox 1015 178 1139 214; x_wconf 84' lang='lat'><strong>33-36.</strong></span> <span class='ocrx_word' id='word_1_6' title='bbox 1375 181 1431 223; x_wconf 85' lang='lat'>95</span> 
     </span>
    </p>
   </div>
   <div class='ocr_carea' id='block_1_2' title="bbox 153 290 1488 801">
    <p class='ocr_par' dir='ltr' id='par_1_2' title="bbox 153 290 1488 801">
     <span class='ocr_line' id='line_1_2' title="bbox 237 290 1488 346; baseline -0.002 -13"><span class='ocrx_word' id='word_1_7' title='bbox 237 290 413 334; x_wconf 89' lang='lat' dir='ltr'>Videor</span> <span class='ocrx_word' id='word_1_8' title='bbox 431 291 550 333; x_wconf 88' lang='lat' dir='ltr'>mihi</span> <span class='ocrx_word' id='word_1_9' title='bbox 570 292 732 334; x_wconf 89' lang='lat' dir='ltr'>audire</span> <span class='ocrx_word' id='word_1_10' title='bbox 761 292 987 345; x_wconf 90' lang='lat' dir='ltr'>quosdam</span> <span class='ocrx_word' id='word_1_11' title='bbox 1009 291 1175 346; x_wconf 87' lang='lat' dir='ltr'>(neque</span> <span class='ocrx_word' id='word_1_12' title='bbox 1204 292 1329 335; x_wconf 85' lang='lat' dir='ltr'>enim</span> <span class='ocrx_word' id='word_1_13' title='bbox 1357 292 1432 336; x_wconf 86' lang='lat' dir='ltr'>de·</span> <span class='ocrx_word' id='word_1_14' title='bbox 1444 297 1488 331; x_wconf 85' lang='lat'>33</span> 
     </span>
     <span class='ocr_line' id='line_1_3' title="bbox 156 357 1428 411; baseline 0.002 -13"><span class='ocrx_word' id='word_1_15' title='bbox 156 359 294 399; x_wconf 90' lang='lat' dir='ltr'>erunt</span> <span class='ocrx_word' id='word_1_16' title='bbox 312 370 550 410; x_wconf 90' lang='lat' dir='ltr'>umquam,</span> <span class='ocrx_word' id='word_1_17' title='bbox 566 357 646 410; x_wconf 91' lang='lat' dir='ltr'>qui</span> <span class='ocrx_word' id='word_1_18' title='bbox 662 357 825 399; x_wconf 76' lang='lat' dir='ltr'>diserti</span> <span class='ocrx_word' id='word_1_19' title='bbox 845 371 940 399; x_wconf 88' lang='lat' dir='ltr'>esse</span> <span class='ocrx_word' id='word_1_20' title='bbox 955 371 1097 411; x_wconf 93' lang='lat' dir='ltr'>quam</span> <span class='ocrx_word' id='word_1_21' title='bbox 1115 357 1226 399; x_wconf 92' lang='lat' dir='ltr'>boni</span> <span class='ocrx_word' id='word_1_22' title='bbox 1241 357 1428 411; x_wconf 87' lang='lat' dir='ltr'>malint)</span> 
     </span>
     <span class='ocr_line' id='line_1_4' title="bbox 155 414 1431 474; baseline 0.003 -13"><span class='ocrx_word' id='word_1_23' title='bbox 155 420 239 462; x_wconf 93' lang='lat' dir='ltr'>illa</span> <span class='ocrx_word' id='word_1_24' title='bbox 257 420 479 464; x_wconf 85' lang='lat' dir='ltr'>dicentis:</span> <span class='ocrx_word' id='word_1_25' title='bbox 509 421 622 474; x_wconf 90' lang='lat' dir='ltr'>quid</span> <span class='ocrx_word' id='word_1_26' title='bbox 653 414 763 474; x_wconf 86' lang='lat' dir='ltr'>ergo</span> <span class='ocrx_word' id='word_1_27' title='bbox 792 423 981 473; x_wconf 86' lang='lat' dir='ltr'>tantum</span> <span class='ocrx_word' id='word_1_28' title='bbox 1011 424 1081 465; x_wconf 88' lang='lat' dir='ltr'>est</span> <span class='ocrx_word' id='word_1_29' title='bbox 1111 422 1228 464; x_wconf 87' lang='lat' dir='ltr'>artis</span> <span class='ocrx_word' id='word_1_30' title='bbox 1258 423 1309 464; x_wconf 94' lang='lat' dir='ltr'>in</span> <span class='ocrx_word' id='word_1_31' title='bbox 1341 422 1431 465; x_wconf 89' lang='lat' dir='ltr'>elo-</span> 
     </span>
     <span class='ocr_line' id='line_1_5' title="bbox 155 485 1430 538; baseline 0.004 -12"><span class='ocrx_word' id='word_1_32' title='bbox 155 485 346 538; x_wconf 91' lang='lat' dir='ltr'>quentia</span> <span class='ocrx_word' id='word_1_33' title='bbox 364 488 382 528; x_wconf 83' lang='lat'>?</span> <span class='ocrx_word' id='word_1_34' title='bbox 410 499 494 528; x_wconf 90' lang='lat' dir='ltr'>cur</span> <span class='ocrx_word' id='word_1_35' title='bbox 516 488 570 528; x_wconf 88' lang='lat' dir='ltr'>tu</span> <span class='ocrx_word' id='word_1_36' title='bbox 590 485 646 528; x_wconf 89' lang='lat' dir='ltr'>de</span> <span class='ocrx_word' id='word_1_37' title='bbox 665 486 898 529; x_wconf 91' lang='lat' dir='ltr'>coloribus</span> <span class='ocrx_word' id='word_1_38' title='bbox 918 489 964 529; x_wconf 89' lang='lat' dir='ltr'>et</span> <span class='ocrx_word' id='word_1_39' title='bbox 992 486 1254 529; x_wconf 90' lang='lat' dir='ltr'>difficilium</span> <span class='ocrx_word' id='word_1_40' title='bbox 1273 501 1430 531; x_wconf 89' lang='lat' dir='ltr'>causa-</span> 
     </span>
     <span class='ocr_line' id='line_1_6' title="bbox 154 550 1430 603; baseline 0.003 -11"><span class='ocrx_word' id='word_1_41' title='bbox 154 564 261 592; x_wconf 89' lang='lat' dir='ltr'>rum</span> <span class='ocrx_word' id='word_1_42' title='bbox 284 550 564 603; x_wconf 82' lang='lat' dir='ltr'>defensione,</span> <span class='ocrx_word' id='word_1_43' title='bbox 583 551 799 593; x_wconf 88' lang='lat' dir='ltr'>nonnihil</span> <span class='ocrx_word' id='word_1_44' title='bbox 820 552 962 594; x_wconf 90' lang='lat' dir='ltr'>etiam</span> <span class='ocrx_word' id='word_1_45' title='bbox 981 551 1038 594; x_wconf 88' lang='lat' dir='ltr'>de</span> <span class='ocrx_word' id='word_1_46' title='bbox 1057 552 1346 595; x_wconf 88' lang='lat' dir='ltr'>confessione</span> <span class='ocrx_word' id='word_1_47' title='bbox 1365 553 1430 596; x_wconf 95' lang='lat' dir='ltr'>lo-</span> 
     </span>
     <span class='ocr_line' id='line_1_7' title="bbox 154 616 1430 670; baseline 0.003 -13"><span class='ocrx_word' id='word_1_48' title='bbox 154 618 299 658; x_wconf 90' lang='lat' dir='ltr'>cutus·</span> <span class='ocrx_word' id='word_1_49' title='bbox 328 630 389 668; x_wconf 89' lang='lat' dir='ltr'>es,</span> <span class='ocrx_word' id='word_1_50' title='bbox 426 616 517 658; x_wconf 92' lang='lat' dir='ltr'>nisi</span> <span class='ocrx_word' id='word_1_51' title='bbox 551 616 802 670; x_wconf 89' lang='lat' dir='ltr'>aliquando</span> <span class='ocrx_word' id='word_1_52' title='bbox 831 617 904 659; x_wconf 84' lang='lat' dir='ltr'>vis</span> <span class='ocrx_word' id='word_1_53' title='bbox 932 631 985 659; x_wconf 89' lang='lat' dir='ltr'>ac</span> <span class='ocrx_word' id='word_1_54' title='bbox 1014 617 1218 660; x_wconf 75' lang='lat' dir='ltr'>facultas</span> <span class='ocrx_word' id='word_1_55' title='bbox 1247 618 1430 661; x_wconf 92' lang='lat' dir='ltr'>dicendi</span> 
     </span>
     <span class='ocr_line' id='line_1_8' title="bbox 154 681 1430 735; baseline 0.002 -13"><span class='ocrx_word' id='word_1_56' title='bbox 154 683 392 734; x_wconf 82' lang='lat' dir='ltr'>expugnat</span> <span class='ocrx_word' id='word_1_57' title='bbox 410 681 562 735; x_wconf 88' lang='lat' dir='ltr'>ipsam</span> <span class='ocrx_word' id='word_1_58' title='bbox 581 681 830 724; x_wconf 87' lang='lat' dir='ltr'>veritatem</span> <span class='ocrx_word' id='word_1_59' title='bbox 848 684 873 725; x_wconf 64' lang='grc' dir='ltr'>Ρ</span> <span class='ocrx_word' id='word_1_60' title='bbox 916 682 1075 724; x_wconf 92' lang='lat' dir='ltr'>Bonus</span> <span class='ocrx_word' id='word_1_61' title='bbox 1095 683 1220 725; x_wconf 89' lang='lat' dir='ltr'>enim</span> <span class='ocrx_word' id='word_1_62' title='bbox 1239 683 1317 725; x_wconf 83' lang='lat' dir='ltr'>vir</span> <span class='ocrx_word' id='word_1_63' title='bbox 1335 697 1430 726; x_wconf 92' lang='lat' dir='ltr'>non</span> 
     </span>
     <span class='ocr_line' id='line_1_9' title="bbox 153 746 1430 801; baseline 0.003 -14"><span class='ocrx_word' id='word_1_64' title='bbox 153 746 253 798; x_wconf 86' lang='lat' dir='ltr'>agit</span> <span class='ocrx_word' id='word_1_65' title='bbox 298 746 392 788; x_wconf 90' lang='lat' dir='ltr'>nisi</span> <span class='ocrx_word' id='word_1_66' title='bbox 432 746 583 793; x_wconf 51' lang='lat' dir='ltr'>,bonas</span> <span class='ocrx_word' id='word_1_67' title='bbox 631 760 808 798; x_wconf 86' lang='lat' dir='ltr'>causas,</span> <span class='ocrx_word' id='word_1_68' title='bbox 841 760 918 789; x_wconf 90' lang='lat' dir='ltr'>eas</span> <span class='ocrx_word' id='word_1_69' title='bbox 964 761 1103 801; x_wconf 89' lang='lat' dir='ltr'>porro</span> <span class='ocrx_word' id='word_1_70' title='bbox 1150 748 1292 790; x_wconf 89' lang='lat' dir='ltr'>etiam</span> <span class='ocrx_word' id='word_1_71' title='bbox 1330 749 1430 791; x_wconf 89' lang='lat' dir='ltr'>sine</span> 
     </span>
    </p>
   </div>
   <div class='ocr_carea' id='block_1_3' title="bbox 153 809 1487 868">
    <p class='ocr_par' dir='ltr' id='par_1_3' title="bbox 153 809 1487 868">
     <span class='ocr_line' id='line_1_10' title="bbox 153 809 1487 868; baseline 0.003 -16"><span class='ocrx_word' id='word_1_72' title='bbox 153 809 364 852; x_wconf 88' lang='lat' dir='ltr'>doctrina</span> <span class='ocrx_word' id='word_1_73' title='bbox 384 811 497 853; x_wconf 88' lang='lat' dir='ltr'>satis</span> <span class='ocrx_word' id='word_1_74' title='bbox 526 824 608 865; x_wconf 90' lang='lat' dir='ltr'>per</span> <span class='ocrx_word' id='word_1_75' title='bbox 628 825 674 853; x_wconf 89' lang='lat' dir='ltr'>se</span> <span class='ocrx_word' id='word_1_76' title='bbox 702 813 864 854; x_wconf 87' lang='lat' dir='ltr'>tuetur</span> <span class='ocrx_word' id='word_1_77' title='bbox 882 812 1057 854; x_wconf 86' lang='lat' dir='ltr'>veritas</span> <span class='ocrx_word' id='word_1_78' title='bbox 1075 812 1189 867; x_wconf 90' lang='lat' dir='ltr'>ipsa.</span> <span class='ocrx_word' id='word_1_79' title='bbox 1247 813 1429 868; x_wconf 81' lang='lat' dir='ltr'>Quibus</span> <span class='ocrx_word' id='word_1_80' title='bbox 1441 820 1487 855; x_wconf 84' lang='lat'>34</span> 
     </span>
    </p>
   </div>
   <div class='ocr_carea' id='block_1_4' title="bbox 146 875 1482 2423">
    <p class='ocr_par' dir='ltr' id='par_1_4' title="bbox 146 875 1482 2095">
     <span class='ocr_line' id='line_1_11' title="bbox 153 875 1429 931; baseline 0.003 -14"><span class='ocrx_word' id='word_1_81' title='bbox 153 888 251 928; x_wconf 88' lang='lat' dir='ltr'>ego,</span> <span class='ocrx_word' id='word_1_82' title='bbox 271 889 378 917; x_wconf 94' lang='lat' dir='ltr'>cum</span> <span class='ocrx_word' id='word_1_83' title='bbox 398 875 453 918; x_wconf 92' lang='lat' dir='ltr'>de</span> <span class='ocrx_word' id='word_1_84' title='bbox 473 889 575 918; x_wconf 92' lang='lat' dir='ltr'>meo</span> <span class='ocrx_word' id='word_1_85' title='bbox 594 876 801 930; x_wconf 91' lang='lat' dir='ltr'>primum</span> <span class='ocrx_word' id='word_1_86' title='bbox 821 890 956 931; x_wconf 89' lang='lat' dir='ltr'>opere</span> <span class='ocrx_word' id='word_1_87' title='bbox 975 878 1267 931; x_wconf 87' lang='lat' dir='ltr'>respondero,</span> <span class='ocrx_word' id='word_1_88' title='bbox 1286 879 1429 921; x_wconf 90' lang='lat' dir='ltr'>etiam</span> 
     </span>
     <span class='ocr_line' id='line_1_12' title="bbox 151 940 1428 995; baseline 0.003 -14"><span class='ocrx_word' id='word_1_89' title='bbox 151 953 236 994; x_wconf 92' lang='lat' dir='ltr'>pro</span> <span class='ocrx_word' id='word_1_90' title='bbox 258 940 370 982; x_wconf 92' lang='lat' dir='ltr'>boni</span> <span class='ocrx_word' id='word_1_91' title='bbox 390 940 482 982; x_wconf 83' lang='lat' dir='ltr'>viri</span> <span class='ocrx_word' id='word_1_92' title='bbox 513 940 674 993; x_wconf 91' lang='lat' dir='ltr'>officio,</span> <span class='ocrx_word' id='word_1_93' title='bbox 695 941 734 983; x_wconf 91' lang='lat' dir='ltr'>si</span> <span class='ocrx_word' id='word_1_94' title='bbox 763 942 949 995; x_wconf 90' lang='lat' dir='ltr'>quando</span> <span class='ocrx_word' id='word_1_95' title='bbox 979 956 1085 984; x_wconf 89' lang='lat' dir='ltr'>eum</span> <span class='ocrx_word' id='word_1_96' title='bbox 1114 942 1173 984; x_wconf 90' lang='lat' dir='ltr'>ad</span> <span class='ocrx_word' id='word_1_97' title='bbox 1201 943 1428 986; x_wconf 85' lang='lat' dir='ltr'>defensio-</span> 
     </span>
     <span class='ocr_line' id='line_1_13' title="bbox 151 1005 1428 1058; baseline 0.004 -12"><span class='ocrx_word' id='word_1_98' title='bbox 151 1018 258 1047; x_wconf 89' lang='lat' dir='ltr'>nem</span> <span class='ocrx_word' id='word_1_99' title='bbox 287 1005 558 1048; x_wconf 90' lang='lat' dir='ltr'>nocentium</span> <span class='ocrx_word' id='word_1_100' title='bbox 589 1007 710 1048; x_wconf 89' lang='lat' dir='ltr'>ratio</span> <span class='ocrx_word' id='word_1_101' title='bbox 741 1006 942 1058; x_wconf 85' lang='lat' dir='ltr'>duxerit,</span> <span class='ocrx_word' id='word_1_102' title='bbox 962 1007 1261 1051; x_wconf 68' lang='lat' dir='ltr'>satisfaciam.</span> <span class='ocrx_word' id='word_1_103' title='bbox 1319 1008 1428 1051; x_wconf 91' lang='lat' dir='ltr'>Per-</span> 
     </span>
     <span class='ocr_line' id='line_1_14' title="bbox 151 1071 1427 1126; baseline 0.003 -14"><span class='ocrx_word' id='word_1_104' title='bbox 151 1072 352 1113; x_wconf 90' lang='lat' dir='ltr'>tractare</span> <span class='ocrx_word' id='word_1_105' title='bbox 413 1071 552 1122; x_wconf 90' lang='lat' dir='ltr'>enim,</span> <span class='ocrx_word' id='word_1_106' title='bbox 601 1071 832 1125; x_wconf 90' lang='lat' dir='ltr'>quomodo</span> <span class='ocrx_word' id='word_1_107' title='bbox 883 1074 967 1113; x_wconf 89' lang='lat' dir='ltr'>aut</span> <span class='ocrx_word' id='word_1_108' title='bbox 1025 1086 1111 1126; x_wconf 90' lang='lat' dir='ltr'>pro</span> <span class='ocrx_word' id='word_1_109' title='bbox 1159 1072 1293 1115; x_wconf 88' lang='lat' dir='ltr'>falsis</span> <span class='ocrx_word' id='word_1_110' title='bbox 1343 1076 1427 1116; x_wconf 86' lang='lat' dir='ltr'>aut</span> 
     </span>
     <span class='ocr_line' id='line_1_15' title="bbox 150 1135 1426 1190; baseline 0.003 -13"><span class='ocrx_word' id='word_1_111' title='bbox 150 1135 292 1178; x_wconf 88' lang='lat' dir='ltr'>etiam</span> <span class='ocrx_word' id='word_1_112' title='bbox 338 1149 423 1189; x_wconf 91' lang='lat' dir='ltr'>pro</span> <span class='ocrx_word' id='word_1_113' title='bbox 470 1136 661 1178; x_wconf 89' lang='lat' dir='ltr'>iniustis</span> <span class='ocrx_word' id='word_1_114' title='bbox 699 1136 951 1190; x_wconf 88' lang='lat' dir='ltr'>aliquando</span> <span class='ocrx_word' id='word_1_115' title='bbox 989 1137 1187 1189; x_wconf 88' lang='lat' dir='ltr'>dicatur,</span> <span class='ocrx_word' id='word_1_116' title='bbox 1224 1152 1319 1180; x_wconf 91' lang='lat' dir='ltr'>non</span> <span class='ocrx_word' id='word_1_117' title='bbox 1356 1141 1426 1181; x_wconf 89' lang='lat' dir='ltr'>est</span> 
     </span>
     <span class='ocr_line' id='line_1_16' title="bbox 149 1200 1426 1255; baseline 0.004 -14"><span class='ocrx_word' id='word_1_118' title='bbox 149 1200 332 1251; x_wconf 84' lang='lat' dir='ltr'>inutile,</span> <span class='ocrx_word' id='word_1_119' title='bbox 360 1200 436 1242; x_wconf 88' lang='lat' dir='ltr'>vel</span> <span class='ocrx_word' id='word_1_120' title='bbox 465 1203 655 1255; x_wconf 88' lang='lat' dir='ltr'>propter</span> <span class='ocrx_word' id='word_1_121' title='bbox 683 1201 771 1243; x_wconf 92' lang='lat' dir='ltr'>hoc</span> <span class='ocrx_word' id='word_1_122' title='bbox 800 1201 966 1253; x_wconf 90' lang='lat' dir='ltr'>solum,</span> <span class='ocrx_word' id='word_1_123' title='bbox 994 1204 1050 1243; x_wconf 89' lang='lat' dir='ltr'>ut</span> <span class='ocrx_word' id='word_1_124' title='bbox 1079 1216 1133 1244; x_wconf 92' lang='lat' dir='ltr'>ea</span> <span class='ocrx_word' id='word_1_125' title='bbox 1162 1202 1351 1245; x_wconf 87' lang='lat' dir='ltr'>facilius</span> <span class='ocrx_word' id='word_1_126' title='bbox 1380 1205 1426 1246; x_wconf 88' lang='lat' dir='ltr'>et</span> 
     </span>
     <span class='ocr_line' id='line_1_17' title="bbox 149 1263 1425 1320; baseline 0.003 -14"><span class='ocrx_word' id='word_1_127' title='bbox 149 1263 547 1318; x_wconf 87' lang='lat' dir='ltr'>deprehendamus</span> <span class='ocrx_word' id='word_1_128' title='bbox 563 1268 608 1307; x_wconf 88' lang='lat' dir='ltr'>et</span> <span class='ocrx_word' id='word_1_129' title='bbox 623 1265 894 1308; x_wconf 90' lang='lat' dir='ltr'>refellamus</span> <span class='ocrx_word' id='word_1_130' title='bbox 908 1283 918 1318; x_wconf 91' lang='grc'>;</span> <span class='ocrx_word' id='word_1_131' title='bbox 946 1266 1339 1320; x_wconf 89' lang='lat' dir='ltr'>quemadmodum</span> <span class='ocrx_word' id='word_1_132' title='bbox 1357 1282 1425 1311; x_wconf 89' lang='lat' dir='ltr'>re-</span> 
     </span>
     <span class='ocr_line' id='line_1_18' title="bbox 149 1329 1425 1386; baseline 0.004 -15"><span class='ocrx_word' id='word_1_133' title='bbox 149 1329 303 1371; x_wconf 88' lang='lat' dir='ltr'>media</span> <span class='ocrx_word' id='word_1_134' title='bbox 331 1330 500 1372; x_wconf 88' lang='lat' dir='ltr'>melius</span> <span class='ocrx_word' id='word_1_135' title='bbox 538 1330 793 1382; x_wconf 89' lang='lat' dir='ltr'>adhibebit,</span> <span class='ocrx_word' id='word_1_136' title='bbox 826 1331 902 1373; x_wconf 91' lang='lat' dir='ltr'>cui</span> <span class='ocrx_word' id='word_1_137' title='bbox 932 1333 1057 1384; x_wconf 90' lang='lat' dir='ltr'>nota,</span> <span class='ocrx_word' id='word_1_138' title='bbox 1088 1346 1208 1386; x_wconf 87' lang='lat' dir='ltr'>quae</span> <span class='ocrx_word' id='word_1_139' title='bbox 1244 1335 1425 1385; x_wconf 86' lang='lat' dir='ltr'>nocent,</span> 
     </span>
     <span class='ocr_line' id='line_1_19' title="bbox 150 1393 1482 1448; baseline 0.005 -12"><span class='ocrx_word' id='word_1_140' title='bbox 150 1393 341 1437; x_wconf 84' lang='lat' dir='ltr'>fuerint.</span> <span class='ocrx_word' id='word_1_141' title='bbox 399 1395 562 1448; x_wconf 90' lang='lat' dir='ltr'>Neque</span> <span class='ocrx_word' id='word_1_142' title='bbox 591 1395 714 1437; x_wconf 86' lang='lat' dir='ltr'>enim</span> <span class='ocrx_word' id='word_1_143' title='bbox 735 1395 1018 1448; x_wconf 85' lang='lat' dir='ltr'>Academici,</span> <span class='ocrx_word' id='word_1_144' title='bbox 1038 1410 1146 1438; x_wconf 91' lang='lat' dir='ltr'>cum</span> <span class='ocrx_word' id='word_1_145' title='bbox 1169 1397 1219 1439; x_wconf 94' lang='lat' dir='ltr'>in</span> <span class='ocrx_word' id='word_1_146' title='bbox 1248 1399 1424 1440; x_wconf 89' lang='lat' dir='ltr'>utram·</span> <span class='ocrx_word' id='word_1_147' title='bbox 1437 1409 1482 1443; x_wconf 88' lang='lat'>35</span> 
     </span>
     <span class='ocr_line' id='line_1_20' title="bbox 150 1458 1424 1513; baseline 0.004 -13"><span class='ocrx_word' id='word_1_148' title='bbox 150 1471 239 1511; x_wconf 89' lang='lat' dir='ltr'>que</span> <span class='ocrx_word' id='word_1_149' title='bbox 259 1458 578 1501; x_wconf 85' lang='lat' dir='ltr'>disseruerunt</span> <span class='ocrx_word' id='word_1_150' title='bbox 606 1462 801 1513; x_wconf 89' lang='lat' dir='ltr'>partem,</span> <span class='ocrx_word' id='word_1_151' title='bbox 819 1474 914 1502; x_wconf 93' lang='lat' dir='ltr'>non</span> <span class='ocrx_word' id='word_1_152' title='bbox 943 1461 1199 1503; x_wconf 90' lang='lat' dir='ltr'>secundum</span> <span class='ocrx_word' id='word_1_153' title='bbox 1229 1462 1424 1505; x_wconf 89' lang='lat' dir='ltr'>alteram</span> 
     </span>
     <span class='ocr_line' id='line_1_21' title="bbox 149 1523 1424 1578; baseline 0.004 -14"><span class='ocrx_word' id='word_1_154' title='bbox 149 1523 334 1575; x_wconf 83' lang='lat' dir='ltr'>vivunt,</span> <span class='ocrx_word' id='word_1_155' title='bbox 362 1537 445 1566; x_wconf 91' lang='lat' dir='ltr'>nec</span> <span class='ocrx_word' id='word_1_156' title='bbox 477 1524 738 1567; x_wconf 82' lang='lat' dir='ltr'>Carneades</span> <span class='ocrx_word' id='word_1_157' title='bbox 767 1524 859 1576; x_wconf 92' lang='lat' dir='ltr'>ille,</span> <span class='ocrx_word' id='word_1_158' title='bbox 890 1526 971 1578; x_wconf 92' lang='lat' dir='ltr'>qui</span> <span class='ocrx_word' id='word_1_159' title='bbox 1001 1526 1176 1568; x_wconf 87' lang='lat' dir='ltr'>Romae</span> <span class='ocrx_word' id='word_1_160' title='bbox 1205 1527 1424 1570; x_wconf 87' lang='lat' dir='ltr'>audiente</span> 
     </span>
     <span class='ocr_line' id='line_1_22' title="bbox 150 1587 1425 1634; baseline 0.002 -3"><span class='ocrx_word' id='word_1_161' title='bbox 150 1587 370 1631; x_wconf 83' lang='lat' dir='ltr'>Censorio</span> <span class='ocrx_word' id='word_1_162' title='bbox 408 1588 583 1632; x_wconf 86' lang='lat' dir='ltr'>Catone</span> <span class='ocrx_word' id='word_1_163' title='bbox 621 1603 715 1631; x_wconf 91' lang='lat' dir='ltr'>non</span> <span class='ocrx_word' id='word_1_164' title='bbox 752 1589 1012 1632; x_wconf 89' lang='lat' dir='ltr'>minoribus</span> <span class='ocrx_word' id='word_1_165' title='bbox 1041 1591 1224 1633; x_wconf 86' lang='lat' dir='ltr'>viribus</span> <span class='ocrx_word' id='word_1_166' title='bbox 1262 1593 1425 1634; x_wconf 90' lang='lat' dir='ltr'>contra</span> 
     </span>
     <span class='ocr_line' id='line_1_23' title="bbox 148 1652 1424 1711; baseline 0.003 -17"><span class='ocrx_word' id='word_1_167' title='bbox 148 1652 380 1695; x_wconf 85' lang='lat' dir='ltr'>iustitiam</span> <span class='ocrx_word' id='word_1_168' title='bbox 426 1653 600 1695; x_wconf 91' lang='lat' dir='ltr'>dicitur</span> <span class='ocrx_word' id='word_1_169' title='bbox 647 1653 917 1697; x_wconf 90' lang='lat' dir='ltr'>disseruisse</span> <span class='ocrx_word' id='word_1_170' title='bbox 955 1669 1096 1708; x_wconf 90' lang='lat' dir='ltr'>quam</span> <span class='ocrx_word' id='word_1_171' title='bbox 1143 1655 1293 1710; x_wconf 81' lang='lat' dir='ltr'>pridie</span> <span class='ocrx_word' id='word_1_172' title='bbox 1338 1670 1424 1711; x_wconf 92' lang='lat' dir='ltr'>pro</span> 
     </span>
     <span class='ocr_line' id='line_1_24' title="bbox 148 1716 1423 1791; baseline 0.004 -33"><span class='ocrx_word' id='word_1_173' title='bbox 148 1717 331 1759; x_wconf 89' lang='lat' dir='ltr'>iustitia</span> <span class='ocrx_word' id='word_1_174' title='bbox 351 1717 546 1769; x_wconf 85' lang='lat' dir='ltr'>dixerat,</span> <span class='ocrx_word' id='word_1_175' title='bbox 565 1718 803 1760; x_wconf 89' lang='lat' dir='ltr'>iniustus</span> <span class='ocrx_word' id='word_1_176' title='bbox 790 1732 890 1791; x_wconf 79' lang='lat' dir='ltr'>ipse</span> <span class='ocrx_word' id='word_1_177' title='bbox 909 1719 985 1761; x_wconf 82' lang='lat' dir='ltr'>vir</span> <span class='ocrx_word' id='word_1_178' title='bbox 1013 1720 1119 1763; x_wconf 92' lang='lat' dir='ltr'>fuit.</span> <span class='ocrx_word' id='word_1_179' title='bbox 1174 1716 1357 1763; x_wconf 90' lang='lat' dir='ltr'>Verum</span> <span class='ocrx_word' id='word_1_180' title='bbox 1378 1723 1423 1764; x_wconf 86' lang='lat' dir='ltr'>et</span> 
     </span>
     <span class='ocr_line' id='line_1_25' title="bbox 148 1782 1423 1843; baseline 0.004 -20"><span class='ocrx_word' id='word_1_181' title='bbox 148 1782 301 1824; x_wconf 90' lang='lat' dir='ltr'>virtus</span> <span class='ocrx_word' id='word_1_182' title='bbox 339 1782 452 1835; x_wconf 90' lang='lat' dir='ltr'>quid</span> <span class='ocrx_word' id='word_1_183' title='bbox 500 1782 574 1834; x_wconf 85' lang='lat' dir='ltr'>sit,</span> <span class='ocrx_word' id='word_1_184' title='bbox 611 1782 808 1825; x_wconf 88' lang='lat' dir='ltr'>adversa</span> <span class='ocrx_word' id='word_1_185' title='bbox 844 1783 887 1825; x_wconf 89' lang='lat' dir='ltr'>ei</span> <span class='ocrx_word' id='word_1_186' title='bbox 929 1784 1113 1826; x_wconf 90' lang='lat' dir='ltr'>malitia</span> <span class='ocrx_word' id='word_1_187' title='bbox 1150 1785 1340 1843; x_wconf 82' lang='lat' dir='ltr'>detegit,</span> <span class='ocrx_word' id='word_1_188' title='bbox 1377 1787 1423 1828; x_wconf 90' lang='lat' dir='ltr'>et</span> 
     </span>
     <span class='ocr_line' id='line_1_26' title="bbox 148 1846 1423 1903; baseline 0.004 -16"><span class='ocrx_word' id='word_1_189' title='bbox 148 1846 357 1899; x_wconf 87' lang='lat' dir='ltr'>aequitas</span> <span class='ocrx_word' id='word_1_190' title='bbox 386 1847 439 1888; x_wconf 91' lang='lat' dir='ltr'>fit</span> <span class='ocrx_word' id='word_1_191' title='bbox 458 1861 514 1889; x_wconf 82' lang='lat' dir='ltr'>ex</span> <span class='ocrx_word' id='word_1_192' title='bbox 534 1847 686 1901; x_wconf 91' lang='lat' dir='ltr'>iniqui</span> <span class='ocrx_word' id='word_1_193' title='bbox 706 1848 1095 1902; x_wconf 84' lang='lat' dir='ltr'>contemplatione</span> <span class='ocrx_word' id='word_1_194' title='bbox 1114 1850 1423 1903; x_wconf 88' lang='lat' dir='ltr'>manifestior,</span> 
     </span>
     <span class='ocr_line' id='line_1_27' title="bbox 148 1911 1422 1969; baseline 0.004 -17"><span class='ocrx_word' id='word_1_195' title='bbox 148 1913 194 1952; x_wconf 87' lang='lat' dir='ltr'>et</span> <span class='ocrx_word' id='word_1_196' title='bbox 230 1911 435 1965; x_wconf 91' lang='lat' dir='ltr'>plurima</span> <span class='ocrx_word' id='word_1_197' title='bbox 467 1912 714 1954; x_wconf 87' lang='lat' dir='ltr'>contrariis</span> <span class='ocrx_word' id='word_1_198' title='bbox 751 1913 1023 1966; x_wconf 88' lang='lat' dir='ltr'>probantur.</span> <span class='ocrx_word' id='word_1_199' title='bbox 1092 1914 1274 1957; x_wconf 90' lang='lat' dir='ltr'>Debent</span> <span class='ocrx_word' id='word_1_200' title='bbox 1312 1929 1422 1969; x_wconf 85' lang='lat' dir='ltr'>ergo</span> 
     </span>
     <span class='ocr_line' id='line_1_28' title="bbox 148 1976 1422 2022; baseline 0.004 -5"><span class='ocrx_word' id='word_1_201' title='bbox 148 1977 322 2018; x_wconf 89' lang='lat' dir='ltr'>oratori</span> <span class='ocrx_word' id='word_1_202' title='bbox 359 1976 424 2019; x_wconf 91' lang='lat' dir='ltr'>sic</span> <span class='ocrx_word' id='word_1_203' title='bbox 458 1991 554 2019; x_wconf 90' lang='lat' dir='ltr'>esse</span> <span class='ocrx_word' id='word_1_204' title='bbox 587 1977 964 2020; x_wconf 87' lang='lat' dir='ltr'>adversariorum</span> <span class='ocrx_word' id='word_1_205' title='bbox 992 1981 1104 2021; x_wconf 85' lang='lat' dir='ltr'>nota</span> <span class='ocrx_word' id='word_1_206' title='bbox 1137 1979 1332 2022; x_wconf 89' lang='lat' dir='ltr'>consilia</span> <span class='ocrx_word' id='word_1_207' title='bbox 1367 1982 1422 2022; x_wconf 89' lang='lat' dir='ltr'>ut</span> 
     </span>
     <span class='ocr_line' id='line_1_29' title="bbox 146 2039 657 2095; baseline 0.004 -13"><span class='ocrx_word' id='word_1_208' title='bbox 146 2039 355 2083; x_wconf 86' lang='lat' dir='ltr'>hostium</span> <span class='ocrx_word' id='word_1_209' title='bbox 373 2042 657 2095; x_wconf 88' lang='lat' dir='ltr'>imperatori.</span> 
     </span>
    </p>

    <p class='ocr_par' dir='ltr' id='par_1_5' title="bbox 147 2106 1478 2423">
     <span class='ocr_line' id='line_1_30' title="bbox 228 2106 1478 2164; baseline 0.004 -17"><span class='ocrx_word' id='word_1_210' title='bbox 228 2106 407 2148; x_wconf 89' lang='lat' dir='ltr'>Verum</span> <span class='ocrx_word' id='word_1_211' title='bbox 436 2108 481 2148; x_wconf 90' lang='lat' dir='ltr'>et</span> <span class='ocrx_word' id='word_1_212' title='bbox 509 2106 643 2158; x_wconf 90' lang='lat' dir='ltr'>illud,</span> <span class='ocrx_word' id='word_1_213' title='bbox 663 2106 786 2161; x_wconf 92' lang='lat' dir='ltr'>quod</span> <span class='ocrx_word' id='word_1_214' title='bbox 814 2108 968 2162; x_wconf 90' lang='lat' dir='ltr'>prima</span> <span class='ocrx_word' id='word_1_215' title='bbox 996 2109 1311 2164; x_wconf 89' lang='lat' dir='ltr'>propositione</span> <span class='ocrx_word' id='word_1_216' title='bbox 1339 2109 1421 2152; x_wconf 89' lang='lat' dir='ltr'>du·</span> <span class='ocrx_word' id='word_1_217' title='bbox 1433 2118 1478 2152; x_wconf 84' lang='grc'>36</span> 
     </span>
     <span class='ocr_line' id='line_1_31' title="bbox 147 2170 1421 2225; baseline 0.005 -14"><span class='ocrx_word' id='word_1_218' title='bbox 147 2183 254 2211; x_wconf 88' lang='lat' dir='ltr'>rum</span> <span class='ocrx_word' id='word_1_219' title='bbox 273 2170 474 2222; x_wconf 86' lang='lat' dir='ltr'>videtur,</span> <span class='ocrx_word' id='word_1_220' title='bbox 493 2173 646 2225; x_wconf 89' lang='lat' dir='ltr'>potest</span> <span class='ocrx_word' id='word_1_221' title='bbox 665 2172 849 2214; x_wconf 86' lang='lat' dir='ltr'>adferre</span> <span class='ocrx_word' id='word_1_222' title='bbox 868 2173 1003 2225; x_wconf 88' lang='lat' dir='ltr'>ratio,</span> <span class='ocrx_word' id='word_1_223' title='bbox 1021 2176 1076 2216; x_wconf 93' lang='lat' dir='ltr'>ut</span> <span class='ocrx_word' id='word_1_224' title='bbox 1096 2174 1172 2216; x_wconf 81' lang='lat' dir='ltr'>vir</span> <span class='ocrx_word' id='word_1_225' title='bbox 1199 2173 1351 2216; x_wconf 87' lang='lat' dir='ltr'>bonus</span> <span class='ocrx_word' id='word_1_226' title='bbox 1370 2174 1421 2217; x_wconf 92' lang='lat' dir='ltr'>in</span> 
     </span>
     <span class='ocr_line' id='line_1_32' title="bbox 148 2233 1421 2292; baseline 0.005 -17"><span class='ocrx_word' id='word_1_227' title='bbox 148 2233 413 2277; x_wconf 90' lang='lat' dir='ltr'>defensione</span> <span class='ocrx_word' id='word_1_228' title='bbox 441 2249 606 2278; x_wconf 87' lang='lat' dir='ltr'>causae</span> <span class='ocrx_word' id='word_1_229' title='bbox 634 2236 750 2278; x_wconf 85' lang='lat' dir='ltr'>velit</span> <span class='ocrx_word' id='word_1_230' title='bbox 779 2236 964 2280; x_wconf 87' lang='lat' dir='ltr'>auferre</span> <span class='ocrx_word' id='word_1_231' title='bbox 992 2238 1246 2292; x_wconf 88' lang='lat' dir='ltr'>aliquando</span> <span class='ocrx_word' id='word_1_232' title='bbox 1274 2238 1421 2281; x_wconf 91' lang='lat' dir='ltr'>iudici</span> 
     </span>
     <span class='ocr_line' id='line_1_33' title="bbox 148 2299 1421 2357; baseline 0.005 -17"><span class='ocrx_word' id='word_1_233' title='bbox 148 2299 406 2342; x_wconf 84' lang='lat' dir='ltr'>veritatem.</span> <span class='ocrx_word' id='word_1_234' title='bbox 464 2300 599 2353; x_wconf 75' lang='lat' dir='ltr'>Quod</span> <span class='ocrx_word' id='word_1_235' title='bbox 619 2301 658 2342; x_wconf 93' lang='lat' dir='ltr'>si</span> <span class='ocrx_word' id='word_1_236' title='bbox 678 2301 783 2354; x_wconf 90' lang='lat' dir='ltr'>quis</span> <span class='ocrx_word' id='word_1_237' title='bbox 799 2315 827 2343; x_wconf 89' lang='lat' dir='ltr'>a</span> <span class='ocrx_word' id='word_1_238' title='bbox 845 2315 919 2344; x_wconf 90' lang='lat' dir='ltr'>me</span> <span class='ocrx_word' id='word_1_239' title='bbox 938 2304 1135 2357; x_wconf 89' lang='lat' dir='ltr'>proponi</span> <span class='ocrx_word' id='word_1_240' title='bbox 1154 2303 1421 2355; x_wconf 88' lang='lat' dir='ltr'>mirabitur,</span> 
     </span>
     <span class='ocr_line' id='line_1_34' title="bbox 150 2362 1419 2423; baseline 0.005 -18"><span class='ocrx_word' id='word_1_241' title='bbox 150 2362 451 2418; x_wconf 87' lang='lat' dir='ltr'>(quamquam</span> <span class='ocrx_word' id='word_1_242' title='bbox 481 2379 575 2407; x_wconf 93' lang='lat' dir='ltr'>non</span> <span class='ocrx_word' id='word_1_243' title='bbox 603 2367 673 2408; x_wconf 89' lang='lat' dir='ltr'>est</span> <span class='ocrx_word' id='word_1_244' title='bbox 700 2366 814 2409; x_wconf 90' lang='lat' dir='ltr'>haec</span> <span class='ocrx_word' id='word_1_245' title='bbox 842 2381 945 2409; x_wconf 86' lang='lat' dir='ltr'>mea</span> <span class='ocrx_word' id='word_1_246' title='bbox 972 2369 1158 2423; x_wconf 87' lang='lat' dir='ltr'>proprie</span> <span class='ocrx_word' id='word_1_247' title='bbox 1178 2369 1419 2420; x_wconf 86' lang='lat' dir='ltr'>sententia,</span> 
     </span>
    </p>
   </div>
  </div>
 </body>
</html>
