1696 2638
279 168 335 214 23
607 166 728 204 msr.
760 166 965 204 ORATOR.
998 167 1041 210 x,
1074 169 1104 212 1,
1133 169 1210 206 4-7.

279 281 447 324 endum
479 283 707 324 oratorem
735 282 927 323 maximi
955 282 1169 336 protinus
1189 283 1277 325 erit
1304 282 1540 328 momenti.

279 346 399 389 Nam
421 349 542 388 certe
562 360 668 388 cum
689 347 749 388 sit
768 347 818 388 in
838 346 1092 400 eloquendo
1120 347 1323 401 positum
1345 349 1542 391 oratoris

279 411 494 462 officium,
520 410 670 452 dicere
698 412 806 452 ante
835 410 991 452 omnia
1019 413 1101 461 est,
1130 413 1268 464 atque
1296 411 1405 453 hinc
1434 412 1542 453 init-

278 476 376 516 ium
397 475 495 517 eius
523 475 638 516 artis
667 474 812 516 fuisse
830 475 1133 517 manifestum
1161 477 1253 527 est;
1281 476 1541 529 proximam

278 539 441 581 deinde
480 539 803 590 imitationem,
831 539 1134 581 novissimam
1163 540 1392 582 scribendi
1432 554 1542 593 quo-

244 612 366 657 4que
403 603 707 656 diligentiam.
779 603 867 646 Sed
903 605 957 645 ut
998 604 1231 658 perveniri
1264 604 1323 646 ad
1361 618 1542 646 summa

277 668 369 710 nisi
398 682 453 710 ex
481 668 723 722 principiis
752 681 846 709 non
874 670 1039 722 potest,
1059 669 1126 710 ita
1154 669 1427 722 procedente
1446 669 1541 711 iam

278 746 412 787 opere
432 733 626 774 minima
645 733 878 786 incipiunt
898 746 994 775 esse
1013 747 1130 786 quae
1149 733 1301 787 prima
1321 735 1441 777 sunt.

362 798 536 839 Verum
555 811 638 839 nos
658 811 766 848 non,
785 797 1014 850 quomodo
1039 797 1353 840 instituendus
1373 800 1542 850 orator,

277 861 364 904 hoc
394 861 495 903 loco
520 861 718 903 dicimus
752 860 879 914 (nam
908 862 957 903 id
987 861 1174 915 quidem
1204 864 1287 904 aut
1317 863 1429 904 satis
1459 865 1542 904 aut

278 928 401 968 certe
429 926 499 967 uti
530 926 767 979 potuimus
797 926 975 968 dictum
1003 926 1107 980 est),
1135 926 1214 969 sed
1242 926 1432 978 athleta,
1459 928 1541 981 qui

278 991 428 1032 omnis
465 990 558 1031 iam
596 990 893 1044 perdidicerit
926 1005 954 1032 a
989 993 1282 1045 praeceptore
1312 1005 1542 1044 numeros,

277 1069 368 1109 quo
406 1069 571 1108 genere
602 1055 947 1097 exercitationis
978 1055 1037 1097 ad
1070 1057 1324 1098 certamina
1353 1070 1541 1111 praepa-

276 1119 450 1161 randus
479 1120 550 1162 sit.
609 1120 763 1173 Igitur
791 1133 911 1171 eum,
930 1120 1011 1173 qui
1039 1133 1111 1162 res
1140 1121 1350 1163 invenire
1378 1123 1423 1163 et
1451 1121 1541 1163 dis-

276 1198 444 1238 ponere
474 1184 600 1235 sciet,
623 1184 767 1226 verba
796 1198 977 1237 quoque
1008 1186 1053 1226 et
1083 1184 1283 1238 eligendi
1314 1187 1359 1227 et
1390 1185 1540 1228 conlo·
1577 1210 1580 1213 <

277 1249 412 1291 candi
450 1249 678 1291 rationem
714 1249 982 1303 perceperit,
1014 1250 1315 1301 instruamus,
1343 1264 1435 1303 qua
1470 1264 1541 1292 ra-

275 1314 415 1365 tione,
434 1314 557 1367 quod
587 1314 814 1365 didicerit,
844 1314 996 1356 facere
1026 1327 1166 1367 quam
1196 1314 1381 1367 optime,
1400 1328 1541 1368 quam

276 1378 498 1420 facillime
517 1378 674 1432 possit.

242 1453 264 1487 5
356 1443 483 1484 Num
503 1456 612 1495 ergo
640 1442 837 1484 dubium
865 1444 946 1494 est,
966 1442 1080 1496 quin
1099 1442 1141 1484 ei
1161 1442 1291 1484 velut
1319 1456 1426 1497 opes
1446 1443 1540 1485 sint

276 1506 501 1560 quaedam
521 1506 765 1560 parandae,
780 1507 950 1560 quibus
969 1507 1054 1558 uti,
1069 1507 1349 1560 ubicumque
1368 1507 1540 1549 deside-

275 1574 431 1613 ratum
451 1571 552 1621 erit,
572 1571 717 1625 possit
735 1573 753 1613 Ρ
808 1572 904 1613 Eae
924 1573 1139 1613 constant
1159 1571 1324 1625 copia
1352 1585 1540 1613 rerum

242 1646 335 1690 eac·
357 1636 682 1678 verborum.
740 1635 827 1678 Sed
847 1649 919 1678 res
948 1636 1160 1689 propriae
1180 1637 1289 1677 sunt
1317 1636 1540 1690 cuiusque

276 1714 453 1751 causae,
473 1702 555 1741 aut
583 1699 744 1753 paucis
764 1713 1043 1751 communes,
1062 1700 1205 1742 verba
1227 1700 1278 1741 in
1297 1701 1540 1743 universas

275 1764 504 1818 paranda;
534 1777 652 1817 quae
682 1764 722 1805 si
756 1764 892 1806 rebus
926 1763 1124 1817 singulis
1157 1766 1308 1806 essent
1341 1764 1540 1818 singula,

275 1828 501 1870 minorem
539 1842 699 1870 curam
736 1827 1049 1882 postularent;
1088 1842 1197 1870 nam
1235 1830 1403 1870 cuncta
1443 1842 1539 1871 sese

275 1906 382 1935 cum
401 1893 514 1946 ipsis
533 1892 747 1946 protinus
765 1892 903 1934 rebus
924 1893 1155 1935 offerrent.
1213 1892 1299 1935 Sed
1318 1906 1426 1935 cum
1445 1892 1540 1935 sint

275 1957 380 2000 aliis
400 1957 492 1999 alia
512 1959 594 1998 aut
613 1958 764 2010 magis
787 1958 975 2011 propria
994 1959 1076 1999 aut
1105 1957 1254 2010 magis
1274 1959 1438 1999 ornata
1456 1959 1540 2000 aut

275 2022 380 2076 plus
420 2022 645 2063 efficentia
674 2023 756 2063 aut
795 2021 961 2063 melius
991 2021 1218 2072 sonantia,
1246 2021 1415 2064 debent
1443 2035 1540 2065 esse

275 2101 368 2128 non
389 2086 538 2128 solum
557 2088 668 2127 nota
696 2087 864 2137 omnia,
885 2086 962 2128 sed
990 2086 1040 2127 in
1068 2088 1287 2139 promptu
1315 2088 1467 2140 atque,
1485 2088 1540 2128 ut

275 2151 343 2193 ita
362 2151 526 2202 dicam,
545 2151 595 2192 in
624 2152 884 2204 conspectU,
903 2152 970 2202 ut,
990 2164 1096 2192 cum
1116 2164 1163 2192 se
1191 2150 1363 2193 iudicio
1388 2150 1540 2193 dicen-

275 2215 337 2257 tis
383 2215 680 2266 ostenderint,
728 2214 880 2256 facilis
927 2228 983 2256 ex
1028 2214 1102 2256 his
1149 2215 1432 2268 optimorum
1477 2214 1540 2257 sit

242 2279 449 2323 velectio.
506 2280 568 2322 Et
598 2293 715 2333 quae
744 2279 867 2321 idem
899 2279 1214 2332 significarent
1252 2278 1411 2321 solitos
1444 2279 1538 2321 scio

275 2343 488 2395 ediscere,
507 2358 598 2397 quo
620 2343 806 2385 facilius
827 2345 872 2385 et
901 2344 1160 2384 occurreret
1187 2356 1335 2384 unum
1355 2356 1411 2385 ex
1438 2342 1539 2397 plu-
