1696 2638
288 172 344 214 32
601 170 722 205 1Nsr.
754 171 962 206 ORATOR.
993 171 1038 214 x,
1071 173 1100 213 1,
1128 172 1248 208 23-26.

289 283 536 326 Aeschinis
564 284 687 326 inter
715 298 762 326 se
795 284 1064 336 contrarias,
1093 286 1138 326 et
1179 285 1329 328 Servii
1359 286 1552 341 Sulpicii

288 350 426 401 atque
466 348 702 399 Messalae,
731 362 930 402 quorum
958 348 1075 391 alter
1105 363 1189 403 pro
1217 349 1421 401 Aufidia,
1449 365 1552 393 con-

287 414 361 455 tra
391 413 511 454 dixit
541 413 670 465 alter,
701 415 746 455 et
776 413 1000 455 Pollionis
1031 415 1077 455 et
1108 413 1258 457 Cassii
1287 428 1365 456 reo
1385 415 1553 469 Aspre-

231 486 274 520 23
287 479 395 520 nate
433 477 638 531 aliasque
678 478 917 532 plurimas.
975 478 1101 533 Quin
1138 478 1280 521 etiam
1319 479 1359 521 si
1397 481 1553 523 minus

219 579 221 582 .
287 555 420 596 pares
447 542 746 595 videbuntur,
775 543 959 597 aliquae
987 545 1145 585 tamen
1183 543 1242 585 ad
1279 557 1554 597 cognoscen-

287 606 395 648 dam
440 607 598 648 litium
644 608 960 660 quaestionem
997 609 1119 650 recte
1156 608 1463 661 requirentur,
1499 610 1554 650 ut

288 673 448 712 contra
464 671 698 714 Ciceronis
718 672 947 714 orationes
963 672 1220 714 Tuberonis
1239 672 1290 714 in
1310 672 1554 726 Ligarium

287 737 333 777 et
362 735 602 778 Hortensii
621 750 705 790 pro
725 737 882 779 Verre.
940 736 1065 790 Quin
1084 737 1226 778 etiam
1244 737 1426 779 easdem
1449 751 1554 779 cau-

288 813 361 841 sas
390 802 443 841 ut
473 800 666 853 quisque
706 800 853 854 egerit
882 800 998 842 utile
1035 801 1124 842 erit
1162 801 1288 844 scire.
1345 802 1469 843 Nam
1496 801 1554 844 de

287 863 423 905 domo
462 864 697 907 Ciceronis
743 865 864 906 dixit
912 865 1120 908 Calidius
1166 867 1212 907 et
1257 879 1342 919 pro
1379 866 1554 909 Milone

287 929 543 971 orationem
581 930 757 971 Brutus
795 930 1138 972 exercitationis
1176 929 1330 983 gratia
1367 930 1554 985 scripsit

290 992 489 1046 (etiamsi
517 994 663 1047 egisse
692 1008 798 1036 eum
827 994 1069 1038 Cornelius
1098 994 1259 1038 Celsus
1287 994 1408 1037 falso
1438 995 1554 1038 exis-

230 1059 458 1113 24timat),
496 1062 541 1101 et
579 1059 728 1101 Pollio
766 1062 820 1102 et
867 1059 1065 1102 Messala
1111 1059 1419 1102 defenderunt
1459 1074 1554 1103 eos-

287 1123 404 1175 dem,
419 1126 464 1166 et
479 1119 613 1166 nobis
633 1124 788 1179 pueris
808 1124 1014 1177 insignes
1033 1138 1117 1178 pro
1132 1124 1369 1166 Voluseno
1385 1124 1553 1168 Catulo

287 1188 485 1230 Domitii
504 1188 629 1240 Afri,
649 1189 803 1242 Crispi
823 1189 1046 1240 Passieni,
1066 1189 1246 1231 Decimi
1275 1189 1424 1231 Laelii
1453 1202 1552 1231 ora-

286 1253 435 1294 tiones
455 1253 736 1296 ferebantur.

367 1318 527 1371 Neque
546 1318 594 1359 id
615 1318 773 1360 statim
792 1317 966 1371 legenti
994 1331 1266 1372 persuasum
1285 1317 1361 1368 sit,
1380 1318 1551 1369 omnia,

286 1396 403 1436 quae
416 1382 580 1437 optimi
597 1384 807 1424 auctores
819 1382 1037 1434 dixerint,
1049 1382 1210 1435 utique
1223 1395 1319 1424 esse
1333 1382 1550 1436 perfecta.

287 1447 409 1489 Nam
428 1450 474 1490 et
501 1447 726 1489 labuntur
746 1447 995 1500 aliquando
1016 1450 1061 1489 et
1081 1447 1209 1489 oneri
1229 1447 1399 1489 cedunt
1418 1449 1464 1490 et
1482 1447 1552 1489 in-

286 1512 480 1565 dulgent
495 1512 791 1565 ingeniorum
808 1525 998 1553 suorum
1013 1511 1260 1566 voluptati,
1274 1525 1358 1554 nec
1373 1525 1552 1566 semper

286 1576 536 1618 intendunt
548 1576 772 1627 animum,
781 1589 1131 1629 nonnumquam
1145 1576 1408 1630 fatigantur
1418 1592 1429 1629 ;
1444 1590 1551 1618 cum

287 1640 498 1684 Ciceroni
518 1640 769 1682 dormitare
783 1640 972 1682 interim
992 1640 1337 1692 Demosthenes,
1353 1640 1552 1682 Horatio

230 1714 273 1748 25
286 1719 396 1747 vero
415 1706 555 1747 etiam
576 1706 807 1747 Homerus
826 1705 924 1760 ipse
943 1705 1170 1748 videatur.
1228 1704 1407 1748 Summi
1427 1705 1551 1747 enim

211 1783 213 1786 ’
287 1772 409 1821 sunt,
423 1770 632 1812 homines
648 1772 818 1822 tamen,
834 1770 1093 1823 acciditque
1111 1769 1199 1821 his,
1214 1769 1309 1822 qui,
1323 1769 1551 1823 quidquid

286 1834 410 1888 apud
440 1834 543 1876 illos
573 1837 856 1888 repererunt,
886 1834 1069 1877 dicendi
1106 1834 1256 1887 legem
1285 1835 1468 1887 putant,
1497 1836 1551 1875 ut

286 1898 513 1941 deteriora
544 1899 789 1941 imitentur
820 1898 886 1952 (id
919 1899 1044 1941 enim
1076 1900 1145 1941 est
1177 1897 1382 1951 facilius)
1417 1911 1471 1939 ac
1504 1911 1551 1940 se

286 1963 468 2005 abunde
497 1963 670 2005 similes
698 1965 878 2017 putent,
899 1963 938 2005 si
958 1964 1076 2006 vitia
1094 1976 1372 2016 magnorum
1397 1975 1551 2004 conse-

230 2036 273 2070 26
286 2030 501 2081 quantur.
558 2027 766 2069 Modesto
785 2029 942 2069 tamen
961 2029 1006 2069 et
1026 2028 1358 2081 circumspecto
1377 2025 1550 2068 iudicio

286 2091 342 2134 de
355 2092 500 2134 tantis
515 2092 631 2133 viris
650 2091 1049 2145 pronuntiandum
1064 2093 1146 2143 est,
1160 2104 1231 2142 ne,
1246 2090 1369 2144 quod
1388 2090 1548 2145 pleris-

287 2170 375 2209 que
394 2156 575 2208 accidit,
590 2156 811 2198 damnent
831 2170 947 2209 quae
962 2170 1056 2198 non
1075 2155 1366 2209 intellegunt.
1422 2155 1494 2197 Ac
1509 2155 1549 2197 si

286 2234 466 2263 necesse
494 2223 562 2262 est
595 2221 644 2262 in
673 2221 867 2263 alteram
901 2234 1053 2263 errare
1083 2221 1263 2274 partem
1294 2218 1451 2262 omnia
1480 2232 1551 2261 eo—

286 2298 392 2326 rum
429 2285 691 2338 legentibus
727 2284 908 2339 placere
944 2298 1085 2338 quam
1122 2284 1272 2326 multa
1309 2282 1550 2338 displicere

286 2349 543 2392 maluerim.
