1696 2638
467 198 589 233 INST.
620 198 828 233 ORATOR.
860 197 903 240 X,
935 198 966 240 1,
996 198 1117 233 86-89.
1372 199 1429 241 45

160 312 272 357 ordo
291 312 528 355 ducendus
557 314 650 355 est.-
695 312 859 365 Itaque
887 313 941 353 ut
971 310 1096 365 apud
1123 310 1231 352 illos
1260 310 1430 352 Home-

159 391 254 428 rus,
282 377 348 419 sic
387 377 511 430 apud
549 390 632 419 nos
661 376 971 429 Vergilius
1003 374 1431 429 auspicatissimum

160 441 337 483 dederit
357 441 612 492 exordium,
632 441 841 482 omnium
862 440 962 482 eius
981 440 1164 493 generis
1186 441 1430 493 poetarum

160 506 446 549 Graecorum
474 497 831 558 nostrorumque
858 504 986 546 haud
1006 504 1146 546 dubie
1174 504 1428 558 proximus.

160 571 289 625 Utarv
308 571 433 612 enim
454 570 609 612 verbis
637 570 818 621 iisdem,
837 583 955 623 quae
984 583 1040 611 ex
1069 569 1191 611 Afro
1221 568 1485 611 Domitiose

159 635 342 677 iuvenis
371 635 542 689 excepi,
565 635 646 688 qui
676 635 793 676 mihi
822 633 1147 687 interroganti,
1166 647 1305 688 quem
1334 633 1429 675 Ho-

159 713 286 742 mero
337 699 541 742 crederet
597 700 800 741 maxime
855 699 1082 750 accedere,
1129 697 1428 749 secundus,

159 764 327 818 inquit,
355 766 439 806 est
468 764 788 818 Vergilius,
816 763 1055 817 propior
1092 766 1284 805 tamen
1320 762 1430 817 pri-

158 842 244 871 mo
271 842 437 882 quam
469 829 662 871 tertio.
720 829 782 870 Et
819 828 1005 870 hercule
1042 829 1097 869 ut
1134 827 1206 869 illi
1234 829 1430 869 naturae

159 893 344 936 caelesti
372 895 511 946 atque
541 893 798 935 immortali
826 892 1111 943 cesserimus,
1130 892 1199 934 ita
1227 905 1364 934 curae
1383 893 1430 934 et

159 958 430 1012 diligentiae
450 957 526 1000 vel
553 958 656 1000 ideo
675 958 726 999 in
755 958 842 1000 hoc
871 957 977 1012 plus
1007 959 1089 1009 est,
1108 957 1232 1011 quod
1262 957 1304 999 ei
1334 956 1429 999 fuit

159 1023 311 1076 magis
355 1022 679 1074 laborandum,
726 1024 771 1064 et
801 1015 804 1018 ’
828 1024 1059 1076 quantum
1116 1021 1430 1064 eminentibus

159 1087 408 1139 vincimur,
427 1087 622 1129 fortasse
651 1086 931 1140 aequalitate
959 1100 1218 1141 pensamus.
1277 1085 1430 1129 Ceteri

159 1166 318 1210 omnes
354 1152 492 1206 longe
530 1154 791 1205 sequentur.
850 1152 973 1193 Nam
1013 1152 1202 1194 Macer
1239 1153 1293 1193 et
1331 1151 1430 1192 Lu·
1442 1158 1487 1193 87

159 1217 380 1259 cretius
407 1216 592 1270 legendi
621 1216 823 1270 quidem,
843 1216 922 1258 sed
950 1230 1044 1258 11011
1071 1218 1127 1258 ut
1154 1216 1363 1270 phrasin,
1381 1215 1431 1258 id

159 1284 242 1333 est,
261 1295 428 1335 corpus
456 1281 746 1334 eloquentiae
775 1281 976 1334 faciant3
1005 1281 1239 1334 elegantes
1267 1281 1318 1322 in
1346 1295 1431 1323 sua

159 1346 354 1400 quisque
372 1346 582 1397 materia,
602 1346 681 1388 sed
703 1346 821 1388 alter
850 1345 1058 1397 humilis,
1077 1345 1195 1388 alter
1215 1345 1428 1388 difficilis.

159 1411 447 1454 Atacinus
484 1411 670 1452 Varro
707 1411 758 1452 in
790 1411 863 1462 iis,
895 1424 977 1464 per
1007 1424 1125 1463 quae
1162 1423 1331 1452 nomen
1362 1412 1431 1452 est

159 1475 419 1527 adsecutus,
437 1475 666 1529 interpres
686 1475 837 1529 operis
857 1475 1011 1526 alieni,
1030 1489 1124 1516 non
1145 1474 1430 1528 spernendus

160 1540 361 1594 quidem,
380 1554 546 1583 verum
573 1540 632 1582 ad
661 1540 924 1594 augendam
953 1540 1227 1582 facultatem
1247 1539 1431 1581 dicendi

160 1620 327 1661 parum
346 1605 563 1660 locuples.
620 1606 871 1648 Ennium
890 1606 1011 1648 sicut
1031 1619 1183 1648 sacros
1198 1606 1431 1647 vetustate
1443 1613 1488 1648 88

160 1671 288 1714 lucos
308 1671 566 1722 adoremus,
585 1671 636 1712 in
655 1671 826 1725 quibus
855 1671 1052 1725 grandia
1078 1672 1124 1712 et
1147 1670 1342 1724 antiqua
1360 1683 1431 1712 ro·

159 1737 275 1778 bora
301 1736 397 1778 iam
424 1749 519 1777 non
546 1737 728 1778 tantam
766 1736 941 1778 habent
980 1735 1178 1790 speciem
1206 1736 1432 1789 quantam

160 1800 446 1854 religionem.
504 1800 748 1854 Propiores
768 1800 850 1842 alii
879 1802 1018 1853 atque
1047 1799 1106 1841 ad
1133 1799 1234 1851 hoc,
1254 1799 1310 1841 de
1339 1813 1432 1853 quo

161 1864 411 1918 loquimur,
448 1865 600 1919 magis
645 1865 796 1908 utiles.
874 1864 1100 1907 Lascivus
1147 1864 1336 1918 quidem
1380 1863 1433 1905 in

161 1929 316 1972 herois
352 1944 534 1984 quoque
566 1929 814 1973 Ovidius
845 1931 891 1972 et
920 1929 1123 1971 nimium
1153 1931 1335 1971 amator
1364 1929 1433 1970 in-

163 1994 290 2047 genii
309 1994 396 2046 sui,
413 1994 676 2036 laudandus
695 1996 853 2036 tamen
870 1994 922 2036 in
948 1994 1173 2048 partibus.
1231 1994 1433 2037 Corne·
1445 2002 1488 2038 89

163 2058 281 2100 lius
309 2060 466 2101 autem
495 2059 754 2110 Severus,
774 2059 957 2101 etiamsi
977 2058 1264 2100 versificator
1292 2071 1434 2111 quam

163 2125 300 2178 poeta
326 2123 504 2175 melior,
524 2124 563 2166 si
591 2126 749 2166 tamen
783 2122 856 2176 [ut
875 2126 944 2166 est
972 2123 1171 2177 dictum]
1196 2123 1256 2165 ad
1284 2136 1434 2165 exem-

164 2188 268 2242 plar
303 2188 445 2243 primi
477 2188 588 2230 libri
620 2189 798 2233 bellum
836 2188 1046 2231 Siculum
1078 2188 1434 2242 perscripsisset,

165 2253 425 2295 vindicaret
445 2253 534 2295 sibi
554 2253 655 2295 iure
675 2253 929 2296 secundum
958 2253 1125 2296 locum.
1184 2253 1435 2296 Serranum

166 2318 478 2360 consummari
535 2332 660 2360 mors
710 2318 964 2360 immatura
1009 2332 1103 2360 non
1159 2332 1296 2372 passa
1342 2319 1435 2371 est;

165 2382 366 2436 puerilia
393 2384 550 2424 tamen
579 2383 678 2425 eius
707 2397 846 2437 opera
874 2385 920 2425 et
947 2383 1202 2425 maximam
1230 2382 1436 2425 indolem
