1696 2638
270 167 352 208 132
550 163 670 199 INST.
703 163 910 198 ORATOR.
941 162 1024 205 ΧΠ,
1056 166 1108 205 10,
1138 166 1256 198 34-38.

267 279 322 319 ut
340 277 488 319 nostri
508 279 680 330 poetae,
700 276 912 329 quotiens
931 275 1064 317 dulce
1085 289 1270 317 carmen
1289 289 1384 317 esse
1403 273 1533 317 volu-

213 350 257 384 34
269 343 418 392 erunt,
450 340 639 382 illorum
662 340 710 381 id
739 339 1006 381 nominibus
1039 341 1272 381 exornent.
1330 339 1419 380 His
1451 338 1533 381 illa

268 405 542 459 potentiora,
558 404 681 457 quod
700 417 772 445 res
791 403 1020 457 plurimae
1037 406 1193 445 carent
1214 403 1533 457 appellationi—

269 470 371 520 bus,
389 472 443 510 ut
473 483 549 511 eas
579 481 760 510 necesse
790 468 850 509 sit
878 468 1132 509 transferre
1152 470 1234 508 aut
1265 467 1534 520 circumire3

270 534 410 575 etiam
429 533 479 574 in
507 533 579 584 iis,
598 546 716 586 quae
745 531 1041 573 denominata
1070 533 1192 582 sunt,
1214 545 1395 572 summa
1422 545 1534 585 pau-

269 600 422 651 pertas
442 598 492 638 in
520 597 679 639 eadem
711 610 795 638 nos
826 596 1199 649 frequentissime
1230 595 1457 648 revolvit;
1485 597 1534 637 at

269 662 364 703 illis
391 676 485 704 non
514 661 762 704 verborum
799 660 949 711 modo,
983 660 1060 702 sed
1092 660 1363 713 linguarum
1393 660 1535 702 etiam

269 726 391 768 inter
411 740 456 768 se
476 725 793 767 differentium
813 725 945 778 copia
963 726 1043 767 est.

213 800 256 834 35
351 791 503 844 Quare
523 790 604 843 qui
624 804 651 831 a
681 790 862 831 Latinis
882 790 1036 841 exiget
1056 788 1187 830 illam
1215 788 1416 842 gratiam
1445 802 1535 831 ser·
1559 783 1563 785 ⁴

270 855 420 896 monis
440 855 603 905 Attici,
622 854 699 896 det
729 854 847 895 mihi
877 854 928 894 in
958 853 1215 906 eloquendo
1246 853 1437 895 eandem
1466 853 1535 895 iu-

220 970 223 973 *
270 919 556 961 cunditatem
576 921 620 960 et
649 932 807 972 parem
835 918 1026 972 copiam.
1087 917 1221 970 Quod
1250 918 1289 959 81
1312 919 1535 970 negatum

270 986 352 1035 est,
372 983 622 1025 sententias
650 982 916 1036 aptabimus
944 982 1002 1023 iis
1031 981 1237 1033 vocibus,
1256 995 1370 1035 quas
1398 982 1535 1024 habe-

268 1062 388 1099 mus,
417 1062 500 1090 nec
533 1061 690 1089 rerum
722 1046 917 1088 nimiam
950 1047 1241 1097 tenuitatem,
1260 1048 1314 1087 ut
1346 1060 1440 1088 non
1469 1046 1536 1088 di-

270 1127 371 1154 cam
396 1112 737 1166 pinguioribus,
757 1111 1031 1153 fortioribus
1052 1112 1173 1152 certe
1193 1110 1348 1152 verbis
1376 1111 1535 1153 misce—

269 1177 437 1228 bimus,
457 1190 514 1218 ne
537 1177 689 1218 virtus
708 1178 907 1228 utraque
935 1177 1092 1229 pereat
1111 1175 1213 1228 ipsa
1241 1175 1536 1228 confusione3

213 1251 256 1284 36
269 1255 379 1283 nam
397 1255 488 1295 quo
507 1242 663 1283 ‘minus
683 1241 877 1282 adiuvat
906 1254 1069 1291 sermo,
1087 1253 1244 1281 rerum
1267 1239 1536 1281 inventione

269 1306 575 1360 pugnandum
590 1308 669 1348 est.
719 1306 889 1348 Sensus
905 1305 1124 1347 sublimes
1143 1303 1355 1356 variique
1374 1317 1536 1346 eruan-
1563 1346 1566 1349 Α

269 1373 374 1424 tur3
416 1370 717 1425 permovendi
755 1383 914 1412 omnes
952 1369 1163 1411 adfectus
1201 1370 1350 1420 erunt,
1388 1369 1536 1410 oratio

270 1435 630 1477 translationum
663 1434 813 1476 nitore
846 1433 1169 1476 illuminanda.
1237 1433 1343 1475 Non
1379 1446 1536 1486 possu-

269 1514 373 1542 mus
393 1513 490 1542 esse
508 1501 607 1541 tam
635 1498 854 1552 graciles:
885 1499 1030 1540 simus
1060 1498 1286 1540 fortiores
1346 1497 1536 1540 Subtili-

269 1566 365 1606 tate
401 1564 658 1606 vincimur:
706 1563 944 1605 valeamus
982 1562 1194 1616 pondere.
1270 1562 1536 1615 Proprietas

213 1642 257 1676 37
269 1642 407 1683 penes
434 1628 540 1670 illos
560 1630 628 1670 est
657 1628 847 1670 certior:
878 1628 1010 1681 copia
1029 1627 1283 1668 vincamus.
1342 1626 1537 1679 Ingenia

270 1694 568 1744 Graecorum,
601 1693 743 1735 etiam
775 1692 970 1742 minora,
1004 1705 1110 1733 suos
1143 1693 1305 1744 portus
1337 1691 1534 1733 habent:

269 1771 352 1800 nos
371 1757 644 1811 plerumque
662 1756 917 1798 maioribus
937 1755 1052 1797 velis
1071 1768 1356 1806 moveamur,
1370 1754 1536 1796 validi-

269 1836 321 1864 or
349 1822 542 1876 spiritus
570 1823 753 1863 nostros
774 1820 903 1862 sinus
930 1820 1115 1872 tendat3
1143 1833 1237 1860 non
1264 1821 1422 1861 tamen
1441 1819 1536 1861 alto

269 1900 448 1941 semper
476 1886 693 1937 feremur,
713 1899 822 1927 nam
850 1886 896 1926 et
923 1884 1063 1925 litora
1089 1882 1278 1925 interim
1307 1883 1537 1936 sequenda

270 1954 391 1994 sunt.
449 1951 549 1993 Illis
582 1949 736 1992 facilis
774 1963 855 2003 per
892 1948 1125 2002 quaelibet
1153 1947 1275 1989 vada
1302 1961 1534 1990 accessus:

269 2029 353 2069 ego
382 2015 573 2068 aliquid,
592 2029 686 2056 non
704 2013 854 2055 multo
882 2015 1053 2063 tamen,
1073 2012 1229 2063 altius,
1247 2012 1297 2053 in
1317 2025 1408 2065 quo
1433 2025 1537 2053 mea

214 2096 256 2130 38
269 2081 435 2134 cymba
454 2094 547 2121 non
564 2079 697 2130 sidat,
711 2078 961 2120 inveniam.
1018 2077 1178 2130 Neque
1198 2075 1335 2127 enim,
1350 2075 1390 2118 si
1404 2077 1536 2118 tenu-

268 2145 368 2186 iora
404 2145 516 2186 haec
545 2158 614 2186 ac·
635 2143 866 2198 pressiora
894 2141 1062 2186 Graeci
1095 2141 1277 2193 melius,
1304 2140 1356 2182 in
1392 2154 1536 2194 eoque

269 2209 503 2251 vincimur
523 2208 619 2250 solo
639 2210 684 2250 et
712 2207 815 2249 ideo
834 2207 885 2248 in
912 2205 1159 2248 comoediis
1179 2219 1272 2247 non
1300 2204 1535 2247 contendi-

269 2287 387 2324 mus,
406 2286 595 2327 prorsus
625 2274 781 2314 tamen
801 2270 1058 2313 omittenda
1087 2283 1194 2323 pars
1223 2269 1337 2312 haec
1368 2269 1535 2311 oratio-

269 2339 356 2390 nis,
376 2338 454 2380 sed
474 2337 699 2391 exigenda
717 2338 772 2378 ut
792 2336 964 2391 optime
992 2348 1259 2390 possumus3
1287 2347 1534 2389 possumus
