1696 2638
255 173 340 216 140
535 169 657 206 INs'r.
689 169 896 205 ORATOR.
927 169 1015 213 ΧΠ,
1048 170 1100 214 10,
1126 170 1245 207 71-75.

467 254 477 271 1

255 299 369 326 num
388 286 433 326 et
453 284 744 337 privatorum
760 284 1060 326 consiliorum
1076 284 1281 326 servabit
1296 283 1520 329 discrimi-

253 363 328 400 na,
365 349 515 390 multa
559 362 615 390 ex
646 348 910 390 differentia
953 362 1270 402 personarum,
1312 349 1521 391 locorum

254 415 605 466 temporumque
624 412 850 455 mutabit:
880 412 947 454 ita
965 413 1016 453 in
1036 413 1194 454 eadem
1215 413 1422 455 oratione
1442 413 1522 455 ali-

254 479 325 519 ter
363 477 627 528 concitabit,
665 476 801 518 aliter
838 477 1119 528 conciliabit,
1157 491 1251 518 non
1284 490 1339 519 ex
1376 477 1522 520 isdem

253 541 500 583 haustibus
531 541 651 582 iram
681 543 726 583 et
756 541 1123 583 misericordiam
1153 543 1294 595 petet,
1318 541 1433 583 alias
1463 542 1522 583 ad

254 606 524 657 docendum,
557 605 672 647 alias
710 605 768 647 ad
801 605 1083 647 movendum
1116 605 1357 648 adhibebit
1394 606 1520 649 artis.

199 675 239 709 71
254 671 360 712 Non
390 683 511 711 unus
543 669 667 711 color
697 670 934 723 prooemii,
963 671 1260 722 narrationis,
1279 684 1522 723 argumen-

253 737 423 786 torum,
452 734 740 787 egressionis,
768 735 1076 788 perorationis
1111 735 1386 778 servabitur.
1444 735 1523 777 Di-

254 802 325 841 cet
362 799 485 841 idem
526 799 747 852 graviter,
786 812 955 850 severe,
993 799 1174 850 acriter,
1212 799 1523 851 vehementer,

254 863 493 914 concitate,
527 863 721 917 copiose,
750 877 919 914 amare,
952 863 1158 914 comiter,
1186 864 1388 915 remisse,
1418 863 1523 905 sub-

254 928 413 979 tiliter,
443 927 624 978 blande,
653 927 833 978 leniter,
853 927 1065 979 dulciter,
1083 927 1303 979 breviter,
1322 928 1524 981 urbane3

199 999 241 1034 '72
255 1006 347 1034 non
367 992 539 1045 ubique
569 992 749 1043 similis,
770 992 848 1034 sed
876 992 1049 1045 ubique
1078 1006 1162 1045 par
1182 992 1283 1035 sibi.
1342 992 1415 1035 Sic
1445 992 1524 1034 fiet

254 1071 361 1099 cum
390 1056 453 1108 id,
472 1058 661 1111 propter
692 1056 815 1109 quod
845 1056 1046 1098 maxime
1077 1058 1287 1110 repertus
1308 1058 1377 1098 est
1410 1070 1524 1098 usus

254 1121 491 1173 orationis,
527 1123 581 1162 ut
629 1120 753 1162 dicat
790 1121 984 1172 utiliter,
1023 1122 1068 1162 et
1114 1120 1173 1162 ad
1220 1120 1525 1172 efficiendum,

254 1186 379 1239 quod
405 1186 620 1237 intendit,
649 1188 873 1239 potenter,
892 1188 995 1227 tum
1024 1185 1208 1227 laudem
1229 1198 1422 1238 quoque,
1441 1199 1524 1227 nec

254 1251 497 1293 doctorum
517 1250 666 1301 modo,
688 1250 766 1292 sed
786 1251 927 1292 etiam
947 1249 1081 1302 vulgi
1101 1251 1422 1302 consequatur.

199 1321 242 1356 '73
336 1316 588 1358 Falluntur
627 1315 751 1357 enim
788 1315 1058 1369 plurimum,
1098 1314 1179 1367 qui
1216 1314 1442 1356 vitiosum
1480 1315 1525 1355 et

255 1382 527 1434 corruptum
566 1379 750 1421 dicendi
788 1393 947 1432 genus,
985 1378 1109 1432 quod
1155 1380 1238 1420 aut
1267 1378 1526 1430 ‘verborum

254 1444 443 1487 licentia
464 1444 643 1486 exultat
673 1446 755 1485 aut
785 1443 1044 1497 puerilibus
1076 1442 1364 1485 sententiolis
1393 1441 1526 1483 lasci-

255 1509 327 1551 vit
346 1511 428 1551 aut
458 1508 704 1550 immodico
732 1510 914 1550 tumore
942 1507 1168 1560 turgescit
1197 1509 1279 1548 aut
1306 1506 1525 1548 inanibus

254 1573 368 1616 locis
388 1574 643 1615 bacchatur
663 1574 746 1614 aut
766 1573 955 1623 casuris,
972 1573 1010 1614 si
1029 1572 1195 1614 leviter
1215 1571 1526 1622 excutiantur,

256 1638 457 1680 flosculis
485 1639 603 1680 nitet
632 1639 714 1679 aut
734 1637 1007 1691 praecipitia
1034 1650 1118 1690 pro
1139 1635 1418 1678 sublimibus
1445 1635 1526 1677 ha-

255 1704 333 1745 bet
353 1705 435 1745 aut
456 1703 603 1756 specie
622 1702 854 1744 libertatis
874 1702 1062 1752 insanit,
1082 1701 1232 1753 magis
1256 1700 1525 1742 existimant

201 1778 244 1813 74
255 1768 476 1822 populare
496 1769 634 1820 atque
654 1767 914 1820 plausibile.
974 1765 1108 1820 Quod
1128 1765 1316 1818 quidem
1343 1764 1525 1818 placere

255 1833 417 1874 multis
443 1846 525 1874 nec
555 1831 732 1873 infitior
762 1845 844 1873 nec
875 1831 1043 1882 miror;
1072 1832 1141 1872 est
1169 1830 1294 1871 enim
1321 1829 1526 1871 iucunda

255 1897 448 1939 auribus
481 1910 533 1938 ac
571 1895 846 1937 favorabilis
880 1895 1229 1948 qualiscumque
1263 1893 1526 1946 eloquentia

255 1964 301 2004 et
335 1961 464 2003 ducit
496 1961 675 2002 animos
714 1959 920 2001 naturali
953 1959 1194 2012 voluptate
1236 1971 1328 1999 vox
1361 1957 1525 2009 omnis,

256 2040 402 2079 neque
422 2025 609 2067 aliunde
628 2024 700 2065 illi
719 2038 801 2078 per
821 2024 924 2065 fora
943 2025 1082 2076 atque
1102 2035 1318 2076 aggerem
1338 2021 1525 2074 circuli3

257 2104 348 2143 quo
368 2090 522 2131 minus
543 2090 716 2130 mirum
749 2090 830 2140 est,
851 2088 974 2141 quod
1005 2088 1125 2129 nulli
1158 2101 1252 2129 non
1282 2086 1524 2140 agentium

162 2172 164 2174 ¹
201 2166 243 2201 75
257 2156 418 2208 parata
438 2154 571 2207 vulgi
600 2167 768 2196 corona
788 2155 867 2195 est.
926 2153 1023 2195 Ubi
1043 2166 1154 2194 vero
1183 2151 1296 2205 quid
1325 2151 1524 2204 exquisi-

256 2219 351 2260 tius
380 2218 558 2260 dictum
588 2218 757 2260 accidit
785 2217 979 2259 auribus
1007 2216 1345 2270 imperitorum,
1370 2215 1524 2268 quale-

256 2297 451 2336 cumque
479 2283 527 2324 id
565 2285 633 2324 est
662 2282 785 2335 quod
822 2281 958 2323 modo
988 2295 1034 2323 se
1072 2281 1162 2334 ipsi
1199 2294 1331 2334 posse
1368 2279 1523 2334 despe-

256 2350 373 2399 rent,
391 2347 532 2389 habet
561 2347 931 2398 admirationem,
949 2359 1098 2399 neque
1119 2345 1384 2398 immerit03
1412 2358 1523 2387 nam
