1696 2638
464 166 585 202 INST.
617 165 826 201 ORATOR.
857 163 941 207 XII,
974 164 1026 206 10,
1056 164 1177 198 48-51.
1375 162 1459 205 135

191 296 295 325 sum
314 283 468 336 caput,
487 295 581 323 non
599 282 653 322 ut
680 280 731 322 in
759 278 934 334 gradus
954 280 1095 331 atque
1114 275 1280 318 anulos
1308 288 1460 329 comp-

190 348 320 400 tum;
349 360 455 388 cum
475 360 528 387 eo
548 345 686 399 quod,
705 344 745 387 si
764 358 859 386 non
878 342 939 385 ad
965 341 1206 384 luxuriam
1225 354 1278 382 ac
1305 339 1462 381 libidi-

191 425 298 453 nem
316 411 504 462 referas,
523 410 682 452 eadem
711 408 988 464 speciosiora
1006 419 1188 461 quoque
1216 405 1324 456 sint,
1344 418 1462 458 quae

190 476 467 518 honestiora.
524 475 742 518 Ceterum
771 474 873 525 hoc,
902 472 1028 526 quod
1057 470 1203 524 vulgo
1242 471 1518 512 senten-48

190 541 306 582 tias
360 553 595 591 vocamus,
650 538 775 593 quod
830 537 1068 580 veteribus
1123 534 1462 590 praecipueque

192 605 382 649 Graecis
400 605 451 646 in
475 618 565 646 usu
594 618 690 646 non
719 602 826 654 fuit,
860 601 1004 656 (apud
1034 601 1304 644 Ciceronem
1337 598 1462 640 enim

190 669 395 724 invenio)
418 669 531 711 dum
559 665 658 711 rem
677 667 946 710 contineant
965 668 1011 708 et
1030 665 1164 719 copia
1182 678 1277 706 non
1295 662 1462 705 redun-

191 735 302 793 dent
330 737 375 777 et
407 734 466 776 ad
485 733 732 776 victoriam
765 733 986 787 spectent,
1001 730 1107 784 quis
1139 729 1256 771 utile
1288 729 1463 781 neget?

190 800 387 842 Feriunt
406 799 616 841 animum
636 800 682 840 et
699 811 795 839 uno
814 797 913 839 ictu
933 796 1201 848 frequenter
1213 792 1462 847 impellunt

191 867 237 907 et
273 865 375 919 ipsa
410 863 641 906 brevitate
678 861 831 916 magis
859 861 1054 903 haerent
1081 862 1127 902 et
1159 858 1463 902 delectatione

190 928 482 985 persuadent.

271 995 339 1036 At
368 995 479 1036 sunt
507 992 590 1046 qui
617 991 731 1034 haec
759 990 1034 1033 excitatiora
1060 988 1256 1040 lumina,
1279 986 1519 1030 etiamsi49

190 1059 341 1102 dicere
359 1058 648 1113 permittant,
667 1071 695 1099 a
714 1055 1043 1110 componendis
1067 1056 1226 1097 tamen
1245 1052 1463 1095 orationi-

189 1124 278 1167 bus
311 1122 597 1166 excludenda
633 1122 934 1164 arbitrentur.
1002 1118 1231 1174 Quocirca
1258 1117 1378 1160 mihi
1406 1130 1464 1160 ne

190 1189 267 1231 hic
296 1188 483 1242 quidem
510 1187 641 1229 locus
674 1184 880 1228 intactus
914 1187 982 1227 est
1016 1183 1326 1236 omittendus3
1354 1196 1464 1224 nam

190 1254 385 1308 plurimi
414 1252 708 1295 eruditorum
728 1251 871 1293 aliam
890 1263 987 1292 esse
1006 1248 1191 1292 dicendi
1220 1247 1464 1298 rationem,

191 1319 334 1361 aliam
371 1317 602 1360 scribendi
639 1317 940 1370 putaverunt,
972 1314 1169 1367 ideoque
1201 1313 1252 1355 in
1284 1311 1464 1366 agendo
1530 1328 1534 1334 ·

192 1376 470 1426 clarissimos
503 1381 728 1435 quosdam
758 1380 879 1422 nihil
917 1378 1182 1434 posteritati
1212 1376 1464 1420 mansuris-

193 1462 281 1502 que
299 1462 409 1490 mox
426 1447 598 1489 litteris
618 1446 876 1499 reliquisse,
894 1446 950 1486 ut
970 1443 1213 1495 Periclem,
1226 1444 1282 1484 ut
1297 1443 1462 1484 Dema-

192 1513 305 1565 den3
346 1525 508 1554 rursus
539 1511 654 1553 alios
677 1511 737 1552 ad
768 1509 1138 1564 componendum
1158 1508 1372 1562 optimos,
1391 1521 1463 1549 ac-

192 1577 398 1620 tionibus
426 1576 614 1618 idoneos
642 1589 737 1617 non
764 1575 924 1626 fuisse,
952 1577 1006 1616 ut
1036 1574 1296 1626 Isocraten3
1335 1577 1521 1626 prae-50

193 1645 318 1685 terea
336 1642 387 1683 in
405 1640 585 1694 agendo
614 1640 721 1694 plus
750 1640 979 1693 impetum
999 1638 1155 1680 valere
1189 1637 1464 1692 plerumque

193 1709 240 1750 et
258 1707 426 1761 petitas
446 1705 521 1748 vel
549 1704 690 1759 paulo
708 1704 926 1746 licentius
946 1703 1237 1757 voluptates3
1267 1715 1465 1744 commo-

193 1771 366 1814 vendos
389 1771 514 1813 enim
542 1783 638 1812 esse
667 1769 991 1822 ducendosque
1020 1767 1200 1809 animos
1227 1766 1465 1821 imperito-

193 1850 326 1888 rum3
365 1838 414 1877 at
452 1834 576 1888 quod
618 1833 752 1876 libris
795 1833 1060 1875 dedicatum
1104 1832 1155 1876 in
1199 1830 1465 1885 exemplum

194 1901 371 1952 edatur,
389 1900 438 1941 id
457 1902 633 1941 tersum
648 1913 701 1940 ac
721 1898 939 1940 limatum
955 1899 1001 1939 et
1020 1896 1079 1939 ad
1098 1896 1248 1950 legem
1264 1909 1316 1938 ac
1332 1909 1465 1949 regu·
1518 1914 1519 1917 ¹

194 1966 289 2008 lam
326 1964 634 2019 compositum
671 1977 768 2005 esse
805 1964 1032 2016 oportere,
1068 1961 1181 2015 quia
1216 1961 1378 2004 veniat
1414 1960 1465 2001 in

194 2044 360 2072 manus
379 2030 622 2071 doctorum
641 2030 687 2071 et
714 2027 892 2070 iudices
908 2026 1023 2068 artis
1050 2026 1222 2068 habeat
1251 2025 1463 2068 artifices.

195 2095 320 2149 Quin
339 2094 410 2136 illi
431 2093 639 2144 subtiles,
657 2095 712 2135 ut
741 2093 928 2134 sibimet
957 2105 1010 2133 ac
1038 2091 1201 2133 multis
1229 2103 1466 2145 persuase-
1478 2093 1520 2127 51

194 2162 320 2211 runt,
356 2159 572 2212 magistri
608 2157 847 2211 παράδειγμα
883 2155 1091 2207 dicendo,
1125 2156 1322 2207 ἐνθύμημα
1358 2154 1466 2197 scri-

194 2225 344 2267 bendo
373 2237 470 2266 esse
500 2223 671 2278 aptius,
701 2221 1008 2264 tradiderunt.
1067 2220 1188 2263 Mihi
1218 2234 1369 2262 unum
1399 2222 1467 2262 at-

195 2303 284 2343 que
312 2289 435 2331 idem
460 2288 648 2330 videtur
675 2287 792 2329 bene
820 2286 972 2328 dicere
1009 2300 1062 2328 ac
1099 2286 1216 2328 bene
1254 2285 1467 2336 scribere,

195 2366 344 2407 neque
374 2351 503 2395 aliud
535 2365 631 2394 esse
660 2350 809 2393 oratio
838 2349 1011 2405 scripta
1029 2345 1170 2404 quam
1197 2363 1467 2393 monumen-
