1696 2638
252 179 308 221 64
564 176 686 211 1Ns'r.
718 175 925 211 ORATOR.
957 175 1000 218 X,
1031 176 1062 217 3,
1095 175 1212 211 13-16.

251 290 364 332 dum
411 290 560 341 illum,
598 289 837 343 aequalem
884 302 1040 331 meum
1088 291 1227 341 atque
1265 302 1292 330 a
1339 301 1427 340 me,
1463 290 1516 331 ut

250 356 414 396 notum
434 356 516 405 est,
537 354 834 395 familiariter
854 355 1076 404 amatum,
1096 353 1242 394 mirae
1271 353 1518 395 facundiae

250 419 420 470 virum,
453 418 664 459 infinitae
697 420 854 460 tamen
886 431 1036 468 curae,
1069 417 1183 470 quid
1216 419 1334 459 esset
1368 416 1453 458 sibi
1490 430 1519 459 a

196 491 237 524 13
250 486 418 538 patruo
456 497 539 525 suo
578 483 767 525 dictum.
843 483 890 524 Is
929 482 1022 523 fuit
1061 482 1211 524 Iulius
1249 481 1431 533 Florus,
1467 481 1519 523 in

251 548 513 601 eloquentia
552 546 830 598 Galliarum,
862 547 1084 600 quoniam
1114 546 1181 588 ibi
1219 546 1407 588 demum
1445 559 1518 588 ex-

251 612 398 654 ercuit
418 626 532 662 eam,
552 612 779 665 princeps,
798 610 973 664 alioqui
992 611 1114 652 inter
1133 624 1303 665 paucos
1318 610 1519 652 disertus

251 679 296 718 et
316 676 485 729 dignus
505 675 587 717 illa
615 675 974 729 propinquitate.
1033 675 1079 717 Is
1108 689 1214 717 cum
1244 674 1519 726 Secundum,

252 740 434 782 scholae
468 740 620 781 adhuc
654 742 909 794 operatum,
942 739 1125 781 tristem
1158 739 1279 781 forte
1313 738 1520 791 vidisset,

251 805 573 858 interrogavit,
599 818 716 857 quae
750 818 890 846 causa
922 803 1093 846 frontis
1126 805 1225 845 tam
1258 803 1520 846 adductae?

197 878 240 920 14
252 870 348 912 Nec
381 869 698 911 dissimulavit
729 869 1011 920 adulescens,
1044 869 1237 910 tertium
1271 868 1366 909 iam
1396 867 1520 910 diem

252 948 362 986 esse,
391 934 515 988 quod
543 934 670 976 omni
698 933 855 975 labore
883 933 1104 975 materiae
1134 932 1192 974 ad
1226 932 1520 974 scribendum

252 999 509 1042 destinatae
528 1012 623 1040 non
650 998 883 1040 inveniret
911 997 1177 1050 exordium3
1206 1010 1298 1050 quo
1318 996 1407 1038 sibi
1426 1010 1521 1038 non

252 1077 468 1119 praesens
501 1065 687 1105 tantum
721 1062 865 1114 dolor,
895 1062 973 1104 sed
1006 1062 1147 1104 etiam
1181 1061 1441 1115 desperatio
1469 1061 1520 1103 in

253 1130 490 1183 posterum
532 1128 672 1170 fieret.
744 1127 863 1169 Tum
903 1126 1070 1168 Florus
1112 1126 1335 1177 arridens,
1371 1140 1520 1167 num-

254 1193 391 1247 quid
436 1195 512 1244 tu,
548 1191 717 1246 inquit,
753 1191 962 1234 melius
999 1191 1191 1234 dicere
1228 1191 1318 1233 vis
1355 1204 1521 1244 quam

199 1259 453 1312 15potes?
526 1257 600 1299 Ita
638 1270 684 1298 se
722 1270 795 1298 res
838 1256 1003 1299 habet:
1051 1256 1310 1298 curandum
1348 1257 1430 1307 est,
1466 1257 1521 1297 ut

254 1336 393 1375 quam
421 1322 594 1376 optime
614 1321 836 1372 dicamus,
856 1321 1103 1363 dicendum
1131 1323 1288 1363 tamen
1315 1334 1399 1374 pro
1427 1320 1521 1362 fac-

258 1386 402 1428 ultate
415 1403 425 1439 ;
454 1386 513 1428 ad
546 1386 809 1440 profectum
843 1386 966 1427 enim
1000 1399 1116 1439 opus
1147 1387 1216 1427 est
1247 1385 1402 1427 studio
1427 1398 1522 1426 non

254 1451 584 1504 indignatione.
642 1450 710 1494 Ut
731 1449 962 1504 possimus
982 1452 1140 1492 autem
1161 1449 1360 1492 scribere
1381 1449 1522 1491 etiam
1592 1482 1594 1484 .

254 1516 393 1570 plura
425 1515 632 1566 celerius,
654 1528 748 1556 non
777 1514 1046 1557 exercitatio
1079 1514 1217 1556 modo
1250 1513 1522 1568 praestabit,

255 1580 306 1622 in
324 1594 416 1634 qua
440 1580 537 1622 sine
557 1579 699 1622 dubio
718 1579 923 1620 multum
944 1581 1026 1630 est,
1047 1578 1125 1621 sed
1149 1578 1290 1621 etiam
1308 1578 1454 1630 ratio;
1483 1577 1523 1620 si

255 1659 349 1687 non
378 1645 586 1699 resupini
618 1645 967 1699 spectantesque
997 1645 1174 1685 tectum
1204 1645 1250 1685 et
1281 1642 1522 1696 cogitatio-

256 1724 363 1752 nem
398 1723 640 1751 murmure
688 1708 919 1762 agitantes
961 1707 1373 1762 expectaverimus,
1409 1706 1524 1760 quid

257 1774 488 1825 obveniat,
508 1773 587 1816 sed
606 1773 720 1827 quid
739 1786 812 1815 res
838 1774 1010 1826 poscat,
1030 1772 1144 1825 quid
1173 1785 1419 1826 personam
1449 1770 1524 1813 de-

257 1841 370 1890 ceat,
389 1838 514 1892 quod
543 1838 603 1880 sit
621 1840 819 1891 tempus,
839 1836 920 1890 qui
943 1836 1111 1878 iudicis
1130 1836 1329 1887 animus,
1347 1834 1525 1886 intuiti,

256 1902 463 1944 humano
482 1902 684 1956 quodam
709 1901 847 1943 modo
866 1900 926 1942 ad
956 1900 1251 1942 scribendum
1281 1899 1521 1942 accesseri-

258 1980 374 2009 mus.
431 1967 505 2009 Sic
535 1966 669 2008 nobis
700 1967 746 2008 et
778 1965 914 2007 initia
944 1966 990 2007 et
1019 1978 1137 2018 quae
1168 1966 1427 2018 sequuntur
1446 1977 1520 2006 na-

204 2040 246 2074 16
257 2032 366 2072 tura
385 2030 486 2084 ipsa
515 2029 802 2084 praescribit.
861 2029 1000 2073 Certa
1019 2030 1129 2070 sunt
1149 2028 1273 2079 enim
1302 2028 1523 2083 pleraque

259 2097 318 2146 et,
339 2095 430 2136 nisi
461 2095 805 2145 conniveamus,
835 2093 885 2135 in
915 2093 1072 2135 oculos
1101 2092 1375 2146 incurrunt3
1402 2092 1522 2135 ideo-

259 2173 348 2213 que
380 2173 463 2201 nec
496 2159 672 2201 indocti
705 2172 788 2200 nec
818 2158 983 2200 rustici
1013 2157 1095 2199 diu
1124 2158 1369 2210 quaerunt,
1400 2156 1524 2199 unde

259 2223 508 2277 incipiant3
537 2237 629 2276 quo
653 2222 924 2276 pudendum
944 2223 1014 2264 est
1042 2221 1206 2274 magis,
1225 2221 1264 2263 si
1283 2220 1525 2263 difficulta-

259 2289 354 2329 tem
387 2287 502 2329 facit
535 2287 757 2329 doctrina.
814 2287 922 2329 Non
954 2296 1063 2338 ergo
1097 2298 1276 2340 semper
1307 2287 1524 2340 putemus

261 2351 490 2407 optimum
510 2365 606 2393 esse
626 2350 750 2405 quod
768 2351 884 2393 latet
900 2368 910 2402 ;
938 2350 1320 2393 immutescamus
1336 2347 1525 2404 alioqui,
