1696 2638
437 192 559 225 le'r.
591 191 799 224 ORATOR„
831 190 915 229 ΧΠ,
946 190 978 229 3,
1009 189 1104 220 6-10.
1334 186 1416 229 107

147 304 227 348 sed
245 318 393 359 neque
408 303 611 347 delectus
631 315 767 356 agere
786 315 870 344 nec
889 299 1045 355 copias
1060 297 1333 342 contrahere
1352 299 1410 339 at·

146 384 236 424 que
263 370 494 412 instruere
522 381 606 410 nec
635 366 895 422 prospicere
929 365 1213 407 commeatus
1242 375 1326 405 nec
1354 361 1420 404 lo-

147 449 255 478 cum
300 448 461 489 capere
507 433 671 476 castris
718 431 963 483 scientem;
1008 429 1141 484 prius
1179 429 1250 471 est
1295 427 1421 470 enim

92 553 94 555 ,
147 502 270 543 certe
308 512 472 553 parare
508 498 631 541 bella
660 511 815 551 quam⁴
834 509 1003 549 gerere.
1061 493 1212 549 Atqui
1241 492 1454 538 simini-6

148 578 252 607 mus
279 563 391 606 huic
412 563 472 605 sit
492 563 758 613 advocatus,
779 561 819 603 si
846 560 996 615 plura,
1016 572 1135 613 quae
1155 558 1215 601 ad
1234 558 1418 601 vincen-

149 630 262 672 dum
280 628 455 680 valent,
474 628 580 670 aliis
608 626 863 680 reliquerit,
883 639 991 668 cum
1019 624 1293 679 praesertim
1319 623 1421 675 hoc,

149 694 273 748 quod
300 696 370 737 est
397 693 598 735 maxime
623 691 948 742 necessarium,
967 703 1051 732 nec
1078 691 1177 732 tam
1198 689 1258 731 sit
1286 688 1422 730 ardu·

150 774 245 812 um,
261 773 405 813 quam
423 757 585 811 procul
605 755 899 798 intuentibus
922 755 1119 797 fortasse
1138 753 1366 796 videatur.

231 824 444 877 Namque
463 836 598 865 omne
618 822 706 873 ius,
726 820 850 875 quod
870 822 939 862 est
960 822 1152 870 certum,
1171 821 1254 860 aut
1283 818 1423 872 scrip-

150 892 200 932 to
219 891 301 932 aut
320 888 529 930 moribus
548 888 754 939 constat;
782 885 979 927 dubium
999 883 1247 938 aequitatis
1261 882 1424 936 regula

151 953 513 997 examinandum
533 954 614 995 est.
673 951 802 1005 Quae
832 950 1005 1004 scripta
1025 951 1134 991 sunt
1162 950 1244 990 aut
1272 947 1459 1002 posita-z

151 1020 203 1062 in
239 1033 366 1061 more
403 1017 624 1068 civitatis,
661 1016 841 1058 nullam
877 1015 1053 1057 habent
1090 1013 1426 1064 difficultatem,

153 1083 431 1138 cognitionis
463 1084 572 1124 sunt
605 1081 742 1132 enim,
768 1094 862 1122 non
891 1079 1201 1130 inventionis3
1229 1080 1278 1120 at
1308 1091 1426 1132 quae

153 1148 474 1190 consultorum
495 1145 728 1200 responsis
759 1144 1065 1199 explicantur,
1085 1145 1167 1185 aut
1195 1143 1246 1185 in
1265 1143 1426 1185 verbo-

154 1227 261 1255 rum
274 1211 655 1266 interpretatione
672 1211 782 1253 sunt
801 1209 954 1264 posita
967 1211 1050 1251 aut
1069 1208 1119 1250 in
1138 1208 1254 1250 recti
1273 1207 1426 1261 pravi-

154 1292 244 1332 que
271 1277 548 1319 discrimine.
606 1276 720 1317 Vim
748 1275 973 1328 cuiusque
999 1273 1127 1316 vocis
1156 1272 1426 1326 intellegere

155 1344 238 1384 aut
257 1355 500 1384 commune
529 1340 831 1395 prudentium
851 1341 920 1381 est
946 1341 1029 1380 aut
1056 1338 1300 1392 proprium
1328 1351 1428 1379 ora-

155 1408 295 1460 toris;
341 1407 550 1461 aequitas
589 1406 765 1460 optimo
803 1404 969 1458 cuique
1006 1403 1260 1446 notissima,
1331 1402 1462 1447 Noss

155 1484 293 1528 porro
313 1475 359 1515 et
389 1473 564 1515 bonum
585 1471 743 1513 virum
780 1472 826 1513 et
862 1469 1140 1523 prudentem
1177 1468 1227 1510 in
1264 1467 1429 1522 primis

156 1540 387 1580 oratorem
419 1539 654 1591 putamus,
685 1536 767 1590 qui
798 1549 906 1578 cum
937 1548 983 1577 se
1014 1534 1073 1576 ad
1105 1533 1168 1584 id,
1198 1533 1323 1586 quod
1359 1534 1429 1575 est

157 1603 388 1658 optimum
415 1604 599 1652 natura,
618 1600 861 1652 derexerit,
880 1614 974 1641 non
1002 1612 1282 1653 magnopere
1310 1612 1429 1640 com-

157 1668 436 1718 movebitur,
457 1666 495 1708 si
515 1666 619 1720 quis
639 1666 698 1708 ab
718 1679 770 1708 eo
790 1664 1030 1707 consultus
1049 1663 1304 1715 dissentiet,
1323 1677 1430 1705 cum

157 1733 270 1788 ipsis
290 1733 385 1774 illis
404 1732 611 1773 diversas
630 1730 753 1773 inter
774 1743 820 1772 se
841 1729 1080 1784 opiniones
1108 1728 1231 1771 tueri
1251 1741 1430 1770 conces-

159 1812 264 1840 sum
283 1797 354 1840 sit.
412 1796 500 1839 Sed
529 1795 671 1838 etiam
691 1795 731 1837 si
759 1808 905 1846 nosse,
925 1793 1039 1847 quid
1067 1793 1263 1847 quisque
1283 1806 1430 1835 sense-

160 1863 236 1914 rit,
273 1861 412 1913 volet,
448 1860 662 1903 lectionis
700 1873 816 1913 opus
854 1861 936 1910 est,
976 1872 1070 1912 qua
1106 1857 1228 1899 nihil
1274 1859 1343 1899 est
1381 1857 1431 1898 in

160 1926 327 1969 studiis
346 1926 501 1967 minus
531 1924 828 1966 laboriosum.
887 1923 1063 1977 Quodsi
1092 1922 1314 1976 plerique,
1334 1922 1430 1964 des·
1443 1932 1465 1966 9

159 1994 320 2046 perata
350 1990 575 2032 facultate
596 1988 779 2042 agendi,
799 1988 858 2030 ad
889 1987 1161 2030 discendum
1190 1987 1265 2029 ius
1295 1986 1431 2028 decli-

160 2058 405 2107 naverunt,
435 2069 576 2108 quam
606 2054 654 2095 id
686 2053 802 2095 scire
833 2052 971 2095 facile
1002 2054 1070 2094 est
1101 2050 1289 2103 oratori,
1308 2051 1432 2105 quod

161 2121 360 2172 discunt,
379 2119 461 2173 qui
490 2133 574 2161 sua
593 2132 776 2172 quoque
796 2117 1081 2160 confessione
1101 2117 1306 2159 oratores
1335 2129 1432 2158 esse

162 2200 255 2228 non
273 2187 467 2240 possunt
486 2187 503 2227 Ρ
558 2185 739 2226 Verum
758 2185 803 2225 et
823 2183 884 2225 M.
906 2182 1023 2226 Cato
1043 2196 1150 2224 cum
1169 2181 1219 2223 in
1239 2180 1433 2223 dicendo

162 2250 601 2305 praestantissimus,
631 2251 735 2290 tum
767 2248 885 2290 iuris
922 2247 1046 2289 idem
1080 2246 1174 2288 fuit
1211 2245 1433 2301 peritissi-

163 2329 281 2367 mus,
300 2318 345 2357 et
366 2314 610 2358 scaevolae
631 2313 881 2366 Servioque
908 2311 1112 2366 Sulpicio
1132 2325 1346 2354 concessa
1365 2312 1434 2353 est

163 2380 305 2424 etiam
325 2379 571 2421 facundiae
591 2378 756 2420 virtus.
814 2378 877 2419 Et
898 2377 958 2420 M.
981 2376 1164 2419 Tullius
1183 2390 1275 2418 non
1298 2375 1434 2418 modo
1448 2386 1491 2421 10
