1696 2638
392 178 395 180 ’
447 184 568 221 msr.
600 168 808 221 ORATOR.
840 183 924 228 ΧΠ,
955 187 987 229 7,
1018 187 1138 238 7-10„
1337 189 1419 231 115

148 312 312 342 causas
330 297 407 341 vel
425 298 574 341 iustas
593 298 669 341 vel
688 298 925 353 improbas
945 299 1072 343 facit.
1130 299 1290 354 Neque
1309 314 1421 343 vero

147 363 299 418 pudor
326 363 492 415 obstet,
515 377 607 417 quo
635 363 792 406 minus
821 366 1097 418 susceptam,
1120 378 1228 406 cum
1256 365 1421 407 melior

147 428 400 480 videretur,
419 427 565 480 litem,
582 423 772 481 cognita
799 428 923 470 inter
950 428 1222 471 discendum
1250 429 1420 483 iniqui-

146 495 256 545 tate,
275 492 498 544 dimittat,
518 507 625 535 cum
648 493 780 547 prius
798 492 1029 547 litigatori
1050 493 1221 536 dixerit
1243 508 1418 538 verum.

147 558 269 599 Nam
288 559 334 600 et
353 558 404 599 in
431 557 519 600 hoc
538 558 812 609 maximum,
832 558 872 600 si
893 559 1028 612 aequi
1048 558 1224 601 iudices
1245 573 1420 612 sumus,
1434 567 1455 602 '7

145 621 421 664 beneficium
440 624 523 674 est,
541 624 596 664 ut
615 636 710 664 non
738 621 960 664 fallamus
980 636 1104 665 vana
1123 636 1202 677 spe
1230 623 1420 677 litigan-

144 688 252 730 tem.
309 687 469 740 Neque
500 689 568 730 est
601 687 773 741 dignus
806 701 944 742 opera
977 688 1178 741 patroni,
1206 688 1288 742 qui
1325 703 1419 730 non

144 750 298 792 utitur
316 751 521 795 consilio.
579 752 641 794 Et
671 754 794 794 certe
827 766 921 794 non
952 752 1170 795 convenit
1203 753 1260 804 ei,
1279 766 1418 806 quem

144 817 375 858 oratorem
413 830 509 858 esse
542 816 775 868 volumus,
808 816 986 859 iniusta
1019 817 1142 860 tueri
1182 817 1415 861 scientem.

143 880 267 922 Nam
297 880 337 922 si
368 894 424 923 ex
454 880 564 933 illis,
584 894 700 934 quas
732 895 873 935 supra
893 881 1113 934 diximus,
1144 882 1295 925 causis
1330 882 1418 924 fal-

143 958 248 987 sum
285 945 511 997 tuebitur,
546 945 635 988 erit
671 948 830 988 tamen
866 946 1130 999 honestum,
1160 946 1285 1001 quod
1317 947 1418 1001 ipse

143 1009 297 1053 faciet.

223 1074 502 1118 Gratisne
541 1075 584 1118 ei
621 1088 801 1129 semper
838 1075 1072 1129 agendum
1111 1076 1186 1127 sit,
1222 1076 1452 1118 tractari8

141 1141 305 1194 potest.
362 1139 498 1194 Quod
528 1153 585 1182 ex
614 1140 768 1194 prima
788 1140 949 1182 statim
970 1141 1124 1183 fronte
1145 1140 1417 1193 diiudicare,

140 1204 513 1258 imprudentium
551 1206 632 1247 est.
691 1205 814 1247 Nam
844 1206 949 1259 quis
979 1206 1180 1259 ignorat,
1214 1206 1330 1259 quin
1366 1205 1417 1248 id

140 1268 277 1322 longe
297 1269 359 1312 sit
377 1269 759 1312 honestissimum
771 1283 832 1312 -ac
861 1270 1134 1313 liberalibus
1155 1270 1416 1324 disciplinis

140 1336 187 1376 et
214 1335 311 1387 illo,
330 1350 469 1390 quem
498 1337 743 1390 exigimus,
772 1337 929 1386 animo
958 1337 1302 1390 dignissimum,
1321 1350 1416 1378 non

140 1400 338 1443 vendere
369 1415 557 1455 operam
586 1415 671 1444 nec
705 1401 886 1444 elevare
916 1402 1037 1444 tanti
1068 1401 1280 1444 beneficii
1310 1415 1415 1443 auc-

144 1465 391 1517 toritatem,
421 1480 528 1508 cum
558 1466 778 1521 pleraque
811 1467 899 1509 hoc
929 1467 1030 1521 ipso
1060 1467 1240 1521 possint
1263 1465 1415 1508 videri

143 1529 268 1582 vilia,
305 1531 428 1584 quod
466 1532 671 1585 pretium
717 1532 930 1574 habent?
1004 1531 1165 1575 Caecis
1211 1531 1314 1583 hoc,
1359 1532 1449 1576 uto

138 1594 286 1647 aiunt,
317 1596 430 1638 satis
461 1596 641 1639 clarum
673 1599 755 1649 est,
774 1610 858 1639 nec
889 1597 1152 1650 quisquam,
1179 1597 1260 1650 qui
1292 1596 1414 1639 suffi-

139 1660 310 1702 cientia
329 1660 419 1702 sibi
442 1660 643 1714 (modica
663 1664 821 1704 autem
849 1661 962 1704 haec
983 1661 1111 1715 sunt)
1144 1660 1414 1716 possidebit,

137 1723 264 1767 hunc
283 1728 530 1778 quaestum
550 1727 648 1769 sine
668 1727 863 1769 crimine
883 1726 1092 1768 sordium
1111 1726 1286 1769 fecerit.
1346 1727 1414 1768 At

138 1789 178 1830 si
197 1803 270 1831 res
290 1790 539 1833 familiaris
559 1791 762 1845 amplius
783 1791 962 1845 aliquid
989 1791 1048 1833 ad
1076 1805 1189 1834 usus
1209 1805 1413 1834 necessa-

138 1854 232 1896 rios
260 1855 427 1908 exiget,
448 1855 704 1898 secundum
734 1857 946 1898 omnium
975 1856 1259 1911 sapientium
1287 1855 1412 1909 leges

137 1919 343 1972 patietur
363 1920 453 1962 sibi
481 1920 685 1974 gratiam
705 1921 885 1972 referri,
905 1932 1013 1963 cum
1033 1923 1079 1963 et
1109 1920 1288 1964 Socrati
1308 1934 1412 1962 con-

137 1982 288 2025 latum
314 1984 376 2026 sit
394 1985 454 2027 ad
473 1985 668 2037 victum,
688 1988 734 2028 et
754 1986 888 2037 Zeno,
909 1983 1171 2037 Cleanthes,
1191 1985 1412 2039 Chrysip-

137 2061 225 2102 pus
244 2049 476 2092 mercedes
504 2063 533 2092 a
560 2050 804 2104 discipulis
833 2050 1192 2104 acceptaverint.
1250 2050 1412 2103 Neque
1425 2059 1468 2094 10

138 2112 263 2155 enim
281 2113 432 2166 video,
457 2128 576 2168 quae
609 2115 779 2156 iustior
808 2114 1086 2168 adquirendi
1116 2114 1239 2157 ratio
1270 2128 1412 2168 quam

138 2190 195 2219 ex
212 2177 539 2221 honestissimo
558 2178 717 2220 labore
737 2180 782 2220 et
802 2178 861 2220 ab
881 2178 953 2230 iis,
968 2178 1024 2221 de
1044 2179 1216 2232 quibus
1236 2177 1411 2233 optime

137 2242 408 2294 meruerint,
445 2243 631 2297 quique,
669 2243 709 2285 si
746 2243 869 2285 nihil
911 2243 1115 2286 invicem
1161 2246 1411 2298 praestent,

137 2305 322 2361 indigni
363 2307 543 2350 fuerint
580 2308 859 2351 defensione.
918 2308 1053 2362 Quod
1090 2308 1279 2362 quidem
1316 2321 1412 2350 non

137 2370 319 2415 iustum
356 2372 508 2424 modo,
535 2372 615 2415 sed.
652 2372 965 2416 necessarium
1002 2373 1145 2416 etiam
1183 2375 1266 2425 est,
1302 2386 1411 2415 cum
