1696 2638
252 179 308 222 38
562 179 684 214 ms'r.
716 179 923 215 ORATOR.
953 180 997 223 x,
1030 182 1059 222 1,
1091 171 1209 216 51-56.

252 291 428 344 figuris,
456 291 754 345 dispositione
787 294 932 335 totius
960 294 1111 348 operis
1138 308 1290 336 nonne
1317 293 1512 338 humani

251 355 427 408 ingenii
459 356 650 397 modum
687 357 901 400 excedit?
928 360 983 399 ut
1019 358 1180 411 magni
1216 358 1277 400 sit
1314 358 1513 402 virtutes

252 419 350 461 eius
380 433 472 461 non
502 420 824 472 aemulatione,
846 422 969 475 quod
1000 422 1099 464 fieri
1129 436 1223 464 non
1252 424 1416 476 potest,
1435 424 1513 466 sed

196 490 237 523 51
252 484 489 526 intellectu
511 486 650 538 sequi.
708 486 887 528 Verum
914 486 990 528 hic
1010 487 1160 528 omnis
1181 486 1278 529 sine
1307 487 1448 530 dubio
1467 490 1513 530 et

251 548 301 589 in
321 549 446 590 omni
477 563 642 602 genere
668 550 955 603 eloquentiae
985 551 1147 605 procul
1178 565 1206 593 a
1235 565 1281 593 se
1311 551 1513 605 reliquit,

252 613 402 666 epicos
422 615 577 655 tamen
605 615 863 668 praecipue,
883 615 1099 657 videlicet
1128 615 1238 669 quia
1258 615 1514 659 clarissima

197 677 300 719 52111
319 678 514 719 materia
537 678 679 720 simili
709 680 992 733 comparatio
1022 682 1100 723 est.
1158 680 1281 722 Raro
1301 680 1512 734 adsurgit

253 742 562 794 Hesiodus,
594 757 855 796 magnaque
893 758 999 797 pars
1032 745 1131 786 eius
1163 744 1214 785 in
1245 745 1512 787 nominibus

251 807 320 847 est
353 809 598 860 occupata3
635 809 791 849 tamen
823 807 963 850 utiles
992 808 1114 850 circa
1145 811 1388 862 praecepta
1416 823 1514 851 sen-

251 871 422 912 tentiae
473 871 729 924 levitasque
777 872 1027 914 verborum
1073 874 1118 914 et
1169 873 1514 926 compositionis

251 935 518 988 probabilis,
564 936 794 989 daturque
840 937 882 978 ei
932 937 1088 991 palma
1137 937 1188 978 in
1234 937 1316 979 illo
1364 938 1513 980 medio

196 1007 238 1040 53
252 1013 416 1052 genere
449 1000 642 1043 dicendi.
701 1001 875 1044 Contra
906 1002 956 1043 in
989 1002 1337 1044 Antimacho
1365 1002 1438 1045 vis
1467 1005 1514 1045 et

252 1065 458 1117 gravitas
505 1067 550 1107 et
596 1066 787 1108 minime
831 1066 1026 1119 vulgare
1077 1066 1320 1119 eloquendi
1367 1080 1513 1120 genus

251 1129 390 1170 habet
435 1129 632 1172 laudem.
691 1130 777 1173 Sed
817 1130 1031 1183 quamvis
1070 1131 1111 1172 ei
1154 1131 1376 1172 secundas
1417 1131 1513 1174 fere

251 1195 663 1247 grammaticorum
693 1209 940 1237 consensus
969 1195 1159 1246 deferat,
1179 1197 1224 1237 et
1254 1195 1513 1238 adfectibus

251 1260 297 1300 et
333 1258 623 1301 iucunditate
670 1261 715 1301 et
762 1259 1058 1313 dispositione
1097 1262 1142 1302 et
1188 1260 1376 1302 omnino
1414 1263 1514 1302 arte

251 1323 478 1375 deficitur,
515 1326 569 1365 ut
606 1323 742 1377 plane
783 1324 1031 1366 manifesto
1069 1326 1302 1378 appareat,
1339 1327 1513 1377 quanto

195 1388 313 1430 54sit
341 1388 469 1430 aliud
497 1389 761 1442 proximum
791 1403 900 1440 esse,
928 1389 1057 1430 aliud
1091 1389 1355 1431 secundum.
1412 1389 1514 1431 Pa-

251 1453 481 1506 nyasin,
522 1467 579 1495 ex
619 1455 817 1506 utroque
863 1453 1078 1504 mixtum,
1119 1455 1288 1507 putant
1334 1453 1383 1494 in
1425 1453 1514 1495 elo-

251 1517 433 1570 quendo
479 1518 781 1571 neutriusque
828 1531 1023 1571 aequare
1065 1518 1277 1568 virtutes,
1315 1517 1513 1560 alterum

251 1584 407 1624 tamen
449 1583 507 1624 ab
549 1596 601 1624 eo
642 1582 850 1633 materia,
888 1582 1087 1624 alterum
1133 1582 1406 1635 disponendi
1444 1596 1514 1624 ra-

251 1647 376 1688 tione
423 1647 642 1700 superari.
727 1646 1078 1700 Apollonius
1135 1646 1185 1687 in
1231 1646 1439 1687 ordinem
1487 1660 1515 1688 a

252 1711 569 1764 grammaticis
598 1711 761 1752 datum
789 1724 882 1752 non
903 1710 1045 1762 venit,
1074 1710 1184 1763 quia
1212 1709 1514 1752 Aristarchus

252 1778 390 1828 atque
410 1775 747 1829 Aristophanes
770 1775 999 1817 neminem
1023 1775 1095 1817 sui
1123 1773 1344 1828 temporis
1362 1774 1412 1815 in
1431 1788 1515 1815 nu-

251 1854 431 1881 merum
468 1840 768 1893 redegerunt;
814 1854 908 1881 non
945 1844 1100 1881 tamen
1129 1838 1513 1881 contemnendum

196 1912 239 1945 55
252 1904 396 1946 edidit
415 1918 530 1958 opus
554 1904 735 1957 aequali
766 1904 966 1957 quadam
996 1903 1323 1946 mediocritate.
1381 1903 1514 1945 Ara-

251 1969 298 2010 ti
326 1969 520 2010 materia
548 1971 679 2010 motu
708 1971 845 2020 caret,
868 1970 922 2010 ut
950 1968 1000 2010 in
1031 1982 1123 2022 qua
1149 1967 1281 2011 nulla
1299 1966 1514 2018 varietas,

251 2033 410 2075 nullus
438 2033 661 2084 adfectus,
689 2033 820 2074 nulla
847 2046 1055 2086 persona,
1083 2032 1214 2074 nulla
1240 2031 1514 2085 cuiusquam

253 2098 313 2139 sit
333 2097 503 2150 oratio;
533 2098 702 2139 sufficit
730 2099 886 2139 tamen
906 2097 1046 2151 operi,
1066 2097 1141 2139 cui
1170 2110 1216 2138 se
1244 2109 1403 2150 parem
1422 2109 1514 2138 cre-

253 2162 382 2204 didit.
439 2161 744 2203 Admirabilis
774 2161 824 2202 in
854 2175 938 2203 suo
968 2174 1132 2215 genere
1170 2159 1514 2202 Theocritus

253 2226 331 2268 sed
368 2240 500 2268 musa
536 2226 619 2267 illa
655 2226 828 2267 rustica
865 2227 910 2267 et
947 2225 1191 2279 pastoralis
1227 2238 1321 2266 non
1358 2223 1511 2266 forum

253 2291 401 2342 modo,
420 2305 583 2333 verum
603 2291 753 2344 ipsam
772 2290 913 2332 etiam
932 2290 1096 2332 urbem
1115 2288 1398 2332 reformidat.

198 2375 241 2409 56
334 2355 512 2397 Audire
549 2355 709 2396 videor
746 2354 950 2407 undique
992 2353 1280 2407 congerentis
1327 2352 1512 2396 nomina
