<?xml version="1.0" encoding="UTF-8"?>
<!DOCTYPE html PUBLIC "-//W3C//DTD XHTML 1.0 Transitional//EN"
    "http://www.w3.org/TR/xhtml1/DTD/xhtml1-transitional.dtd">
<html xmlns="http://www.w3.org/1999/xhtml" xml:lang="en" lang="en">
 <head>
  <title>
</title>
<meta http-equiv="Content-Type" content="text/html;charset=utf-8" />
  <meta name='ocr-system' content='tesseract 3.04.00' />
  <meta name='ocr-capabilities' content='ocr_page ocr_carea ocr_par ocr_line ocrx_word'/>
</head>
<body>
  <div class='ocr_page' id='page_1' title='image "./tenthtwelfthbook00quinuoft_0087.png"; bbox 0 0 1696 2638; ppageno 0'>
   <div class='ocr_carea' id='block_1_1' title="bbox 501 185 1460 229">
    <p class='ocr_par' dir='ltr' id='par_1_1' title="bbox 501 185 1460 229">
     <span class='ocr_line' id='line_1_1' title="bbox 501 185 1460 229; baseline -0.003 -7"><span class='ocrx_word' id='word_1_1' title='bbox 501 186 622 223; x_wconf 86' lang='lat' dir='ltr'><strong>INST.</strong></span> <span class='ocrx_word' id='word_1_2' title='bbox 654 186 863 222; x_wconf 83' lang='lat' dir='ltr'>ORATOR.</span> <span class='ocrx_word' id='word_1_3' title='bbox 892 185 938 228; x_wconf 88' lang='lat' dir='ltr'><strong>X,</strong></span> <span class='ocrx_word' id='word_1_4' title='bbox 953 186 976 221; x_wconf 86' lang='lat'><strong>¹7</strong></span> <span class='ocrx_word' id='word_1_5' title='bbox 990 212 1000 228; x_wconf 96' lang='lat'><strong>,</strong></span> <span class='ocrx_word' id='word_1_6' title='bbox 1030 185 1150 220; x_wconf 78' lang='lat'>25-28.</span> <span class='ocrx_word' id='word_1_7' title='bbox 1404 186 1460 229; x_wconf 84' lang='grc'><strong>83</strong></span> 
     </span>
    </p>
   </div>
   <div class='ocr_carea' id='block_1_2' title="bbox 139 297 1519 2422">
    <p class='ocr_par' dir='ltr' id='par_1_2' title="bbox 139 297 1519 2422">
     <span class='ocr_line' id='line_1_2' title="bbox 188 297 1460 356; baseline -0.005 -11"><span class='ocrx_word' id='word_1_8' title='bbox 188 303 235 345; x_wconf 90' lang='lat' dir='ltr'><strong>et</strong></span> <span class='ocrx_word' id='word_1_9' title='bbox 262 301 315 344; x_wconf 92' lang='lat' dir='ltr'><strong>in</strong></span> <span class='ocrx_word' id='word_1_10' title='bbox 344 300 559 356; x_wconf 89' lang='lat' dir='ltr'><strong>expedito</strong></span> <span class='ocrx_word' id='word_1_11' title='bbox 587 300 794 355; x_wconf 91' lang='lat' dir='ltr'><strong>positum</strong></span> <span class='ocrx_word' id='word_1_12' title='bbox 824 299 1155 345; x_wconf 74' lang='lat' dir='ltr'><strong>exercitatione</strong></span> <span class='ocrx_word' id='word_1_13' title='bbox 1186 297 1283 340; x_wconf 93' lang='lat' dir='ltr'><strong>sola</strong></span> <span class='ocrx_word' id='word_1_14' title='bbox 1300 297 1460 339; x_wconf 81' lang='lat' dir='ltr'><strong>conti-</strong></span> 
     </span>
     <span class='ocr_line' id='line_1_3' title="bbox 187 362 1460 418; baseline -0.005 -9"><span class='ocrx_word' id='word_1_15' title='bbox 187 368 336 409; x_wconf 90' lang='lat' dir='ltr'><strong>netur.</strong></span> <span class='ocrx_word' id='word_1_16' title='bbox 394 366 497 407; x_wconf 91' lang='lat' dir='ltr'><strong>Hac</strong></span> <span class='ocrx_word' id='word_1_17' title='bbox 515 365 588 406; x_wconf 88' lang='lat' dir='ltr'><strong>uti</strong></span> <span class='ocrx_word' id='word_1_18' title='bbox 618 364 683 406; x_wconf 92' lang='lat' dir='ltr'><strong>sic</strong></span> <span class='ocrx_word' id='word_1_19' title='bbox 703 364 935 418; x_wconf 89' lang='lat' dir='ltr'><strong>optimum</strong></span> <span class='ocrx_word' id='word_1_20' title='bbox 965 365 1048 414; x_wconf 91' lang='lat' dir='ltr'><strong>est,</strong></span> <span class='ocrx_word' id='word_1_21' title='bbox 1067 365 1122 404; x_wconf 93' lang='lat' dir='ltr'><strong>ut</strong></span> <span class='ocrx_word' id='word_1_22' title='bbox 1150 362 1320 404; x_wconf 77' lang='lat' dir='ltr'><strong>cotidie</strong></span> <span class='ocrx_word' id='word_1_23' title='bbox 1339 362 1460 404; x_wconf 89' lang='lat' dir='ltr'><strong>dica-</strong></span> 
     </span>
     <span class='ocr_line' id='line_1_4' title="bbox 187 426 1460 488; baseline -0.004 -15"><span class='ocrx_word' id='word_1_24' title='bbox 187 445 293 473; x_wconf 90' lang='lat' dir='ltr'><strong>mus</strong></span> <span class='ocrx_word' id='word_1_25' title='bbox 330 429 630 472; x_wconf 83' lang='lat' dir='ltr'><strong>audientibus</strong></span> <span class='ocrx_word' id='word_1_26' title='bbox 667 429 897 488; x_wconf 84' lang='lat' dir='ltr'><strong>pluribus,</strong></span> <span class='ocrx_word' id='word_1_27' title='bbox 933 428 1137 470; x_wconf 86' lang='lat' dir='ltr'><strong>maxime</strong></span> <span class='ocrx_word' id='word_1_28' title='bbox 1165 426 1221 469; x_wconf 92' lang='lat' dir='ltr'><strong>de</strong></span> <span class='ocrx_word' id='word_1_29' title='bbox 1259 440 1460 480; x_wconf 91' lang='lat' dir='ltr'><strong>quorum</strong></span> 
     </span>
     <span class='ocr_line' id='line_1_5' title="bbox 188 492 1460 548; baseline -0.003 -11"><span class='ocrx_word' id='word_1_30' title='bbox 188 496 334 538; x_wconf 88' lang='lat' dir='ltr'><strong>simus</strong></span> <span class='ocrx_word' id='word_1_31' title='bbox 361 494 536 537; x_wconf 90' lang='lat' dir='ltr'><strong>iudicio</strong></span> <span class='ocrx_word' id='word_1_32' title='bbox 563 496 704 548; x_wconf 91' lang='lat' dir='ltr'><strong>atque</strong></span> <span class='ocrx_word' id='word_1_33' title='bbox 732 493 949 547; x_wconf 89' lang='lat' dir='ltr'><strong>opinione</strong></span> <span class='ocrx_word' id='word_1_34' title='bbox 969 492 1183 544; x_wconf 83' lang='lat' dir='ltr'><strong>solliciti3</strong></span> <span class='ocrx_word' id='word_1_35' title='bbox 1211 504 1372 533; x_wconf 83' lang='lat' dir='ltr'><strong>rarum</strong></span> <span class='ocrx_word' id='word_1_36' title='bbox 1391 493 1460 534; x_wconf 90' lang='lat' dir='ltr'><strong>est</strong></span> 
     </span>
     <span class='ocr_line' id='line_1_6' title="bbox 187 557 1460 613; baseline -0.003 -10"><span class='ocrx_word' id='word_1_37' title='bbox 187 561 326 612; x_wconf 88' lang='lat' dir='ltr'><strong>enim,</strong></span> <span class='ocrx_word' id='word_1_38' title='bbox 344 563 399 602; x_wconf 92' lang='lat' dir='ltr'><strong>ut</strong></span> <span class='ocrx_word' id='word_1_39' title='bbox 428 560 541 602; x_wconf 88' lang='lat' dir='ltr'><strong>satis</strong></span> <span class='ocrx_word' id='word_1_40' title='bbox 570 573 617 602; x_wconf 89' lang='lat' dir='ltr'><strong>se</strong></span> <span class='ocrx_word' id='word_1_41' title='bbox 645 559 842 613; x_wconf 90' lang='lat' dir='ltr'><strong>quisque</strong></span> <span class='ocrx_word' id='word_1_42' title='bbox 870 561 1102 601; x_wconf 86' lang='lat' dir='ltr'><strong>vereatur.</strong></span> <span class='ocrx_word' id='word_1_43' title='bbox 1159 557 1249 600; x_wconf 91' lang='lat' dir='ltr'><strong>Vel</strong></span> <span class='ocrx_word' id='word_1_44' title='bbox 1278 557 1365 599; x_wconf 89' lang='lat' dir='ltr'><strong>soli</strong></span> <span class='ocrx_word' id='word_1_45' title='bbox 1392 559 1460 599; x_wconf 88' lang='lat' dir='ltr'><strong>ta-</strong></span> 
     </span>
     <span class='ocr_line' id='line_1_7' title="bbox 186 620 1458 679; baseline -0.002 -11"><span class='ocrx_word' id='word_1_46' title='bbox 186 640 294 668; x_wconf 87' lang='lat' dir='ltr'><strong>men</strong></span> <span class='ocrx_word' id='word_1_47' title='bbox 313 625 523 668; x_wconf 91' lang='lat' dir='ltr'><strong>dicamus</strong></span> <span class='ocrx_word' id='word_1_48' title='bbox 550 624 708 679; x_wconf 89' lang='lat' dir='ltr'><strong>potius</strong></span> <span class='ocrx_word' id='word_1_49' title='bbox 733 637 878 677; x_wconf 89' lang='lat' dir='ltr'><strong>quam</strong></span> <span class='ocrx_word' id='word_1_50' title='bbox 904 620 1095 665; x_wconf 87' lang='lat' dir='ltr'><strong>omnino</strong></span> <span class='ocrx_word' id='word_1_51' title='bbox 1122 636 1217 664; x_wconf 94' lang='lat' dir='ltr'><strong>non</strong></span> <span class='ocrx_word' id='word_1_52' title='bbox 1237 622 1458 665; x_wconf 87' lang='lat' dir='ltr'><strong>dicamus.</strong></span> 
     </span>
     <span class='ocr_line' id='line_1_8' title="bbox 188 687 1515 742; baseline -0.003 -9"><span class='ocrx_word' id='word_1_53' title='bbox 188 691 274 733; x_wconf 87' lang='lat' dir='ltr'><strong>Est</strong></span> <span class='ocrx_word' id='word_1_54' title='bbox 293 692 338 732; x_wconf 91' lang='lat' dir='ltr'><strong>et</strong></span> <span class='ocrx_word' id='word_1_55' title='bbox 357 690 441 732; x_wconf 91' lang='lat' dir='ltr'><strong>illa</strong></span> <span class='ocrx_word' id='word_1_56' title='bbox 459 688 730 732; x_wconf 87' lang='lat' dir='ltr'><strong>exercitatio</strong></span> <span class='ocrx_word' id='word_1_57' title='bbox 750 688 988 742; x_wconf 84' lang='lat' dir='ltr'><strong>cogitandi</strong></span> <span class='ocrx_word' id='word_1_58' title='bbox 1007 689 1221 741; x_wconf 88' lang='lat' dir='ltr'><strong>totasque</strong></span> <span class='ocrx_word' id='word_1_59' title='bbox 1240 687 1460 730; x_wconf 89' lang='lat' dir='ltr'><strong>materias</strong></span> <span class='ocrx_word' id='word_1_60' title='bbox 1472 697 1515 730; x_wconf 79' lang='lat'><strong>25</strong></span> 
     </span>
     <span class='ocr_line' id='line_1_9' title="bbox 187 752 1460 807; baseline -0.004 -9"><span class='ocrx_word' id='word_1_61' title='bbox 187 756 262 798; x_wconf 90' lang='lat' dir='ltr'><strong>vel</strong></span> <span class='ocrx_word' id='word_1_62' title='bbox 282 755 468 798; x_wconf 89' lang='lat' dir='ltr'><strong>silentio</strong></span> <span class='ocrx_word' id='word_1_63' title='bbox 490 754 622 807; x_wconf 91' lang='lat' dir='ltr'><strong>(dum</strong></span> <span class='ocrx_word' id='word_1_64' title='bbox 651 756 810 796; x_wconf 90' lang='lat' dir='ltr'><strong>tamen</strong></span> <span class='ocrx_word' id='word_1_65' title='bbox 839 753 974 807; x_wconf 85' lang='lat' dir='ltr'><strong>quasi</strong></span> <span class='ocrx_word' id='word_1_66' title='bbox 1004 752 1131 794; x_wconf 88' lang='lat' dir='ltr'><strong>dicat</strong></span> <span class='ocrx_word' id='word_1_67' title='bbox 1159 752 1287 795; x_wconf 90' lang='lat' dir='ltr'><strong>intra</strong></span> <span class='ocrx_word' id='word_1_68' title='bbox 1317 766 1364 794; x_wconf 91' lang='lat' dir='ltr'><strong>se</strong></span> <span class='ocrx_word' id='word_1_69' title='bbox 1393 752 1460 806; x_wconf 93' lang='lat' dir='ltr'><strong>ip-</strong></span> 
     </span>
     <span class='ocr_line' id='line_1_10' title="bbox 187 818 1465 874; baseline -0.003 -11"><span class='ocrx_word' id='word_1_70' title='bbox 187 820 310 874; x_wconf 92' lang='lat' dir='ltr'><strong>sum)</strong></span> <span class='ocrx_word' id='word_1_71' title='bbox 333 818 652 874; x_wconf 86' lang='lat' dir='ltr'><strong>persequendi,</strong></span> <span class='ocrx_word' id='word_1_72' title='bbox 671 832 790 872; x_wconf 88' lang='lat' dir='ltr'><strong>quae</strong></span> <span class='ocrx_word' id='word_1_73' title='bbox 815 818 947 860; x_wconf 91' lang='lat' dir='ltr'><strong>nullo</strong></span> <span class='ocrx_word' id='word_1_74' title='bbox 977 832 1071 860; x_wconf 90' lang='lat' dir='ltr'><strong>non</strong></span> <span class='ocrx_word' id='word_1_75' title='bbox 1101 820 1147 860; x_wconf 92' lang='lat' dir='ltr'><strong>et</strong></span> <span class='ocrx_word' id='word_1_76' title='bbox 1176 820 1384 872; x_wconf 90' lang='lat' dir='ltr'><strong>tempore</strong></span> <span class='ocrx_word' id='word_1_77' title='bbox 1414 819 1465 859; x_wconf 82' lang='lat' dir='ltr'><strong>et</strong></span> 
     </span>
     <span class='ocr_line' id='line_1_11' title="bbox 186 883 1461 942; baseline -0.002 -15"><span class='ocrx_word' id='word_1_78' title='bbox 186 885 302 937; x_wconf 92' lang='lat' dir='ltr'><strong>loco,</strong></span> <span class='ocrx_word' id='word_1_79' title='bbox 321 884 510 942; x_wconf 30' lang='lat' dir='ltr'><strong>quando·</strong></span> <span class='ocrx_word' id='word_1_80' title='bbox 535 898 630 926; x_wconf 92' lang='lat' dir='ltr'><strong>non</strong></span> <span class='ocrx_word' id='word_1_81' title='bbox 658 883 789 926; x_wconf 92' lang='lat' dir='ltr'><strong>aliud</strong></span> <span class='ocrx_word' id='word_1_82' title='bbox 817 883 1016 937; x_wconf 83' lang='lat' dir='ltr'><strong>agimus,</strong></span> <span class='ocrx_word' id='word_1_83' title='bbox 1044 883 1268 938; x_wconf 88' lang='lat' dir='ltr'><strong>explicari</strong></span> <span class='ocrx_word' id='word_1_84' title='bbox 1296 884 1461 936; x_wconf 91' lang='lat' dir='ltr'><strong>potest,</strong></span> 
     </span>
     <span class='ocr_line' id='line_1_12' title="bbox 187 947 1516 1004; baseline -0.005 -12"><span class='ocrx_word' id='word_1_85' title='bbox 187 952 234 993; x_wconf 91' lang='lat' dir='ltr'><strong>et</strong></span> <span class='ocrx_word' id='word_1_86' title='bbox 253 952 323 992; x_wconf 88' lang='lat' dir='ltr'><strong>est</strong></span> <span class='ocrx_word' id='word_1_87' title='bbox 340 950 392 991; x_wconf 91' lang='lat' dir='ltr'><strong>in</strong></span> <span class='ocrx_word' id='word_1_88' title='bbox 421 951 553 1004; x_wconf 88' lang='lat' dir='ltr'><strong>parte</strong></span> <span class='ocrx_word' id='word_1_89' title='bbox 583 948 748 990; x_wconf 90' lang='lat' dir='ltr'><strong>utilior</strong></span> <span class='ocrx_word' id='word_1_90' title='bbox 777 962 920 1004; x_wconf 88' lang='lat' dir='ltr'><strong>quam</strong></span> <span class='ocrx_word' id='word_1_91' title='bbox 948 948 1062 991; x_wconf 79' lang='lat' dir='ltr'><strong>haec</strong></span> <span class='ocrx_word' id='word_1_92' title='bbox 1092 948 1307 1002; x_wconf 88' lang='lat' dir='ltr'><strong>proxima</strong></span> <span class='ocrx_word' id='word_1_93' title='bbox 1319 964 1330 1000; x_wconf 93' lang='lat'>;</span> <span class='ocrx_word' id='word_1_94' title='bbox 1359 947 1461 988; x_wconf 88' lang='lat' dir='ltr'><strong>dili·</strong></span> <span class='ocrx_word' id='word_1_95' title='bbox 1473 951 1516 985; x_wconf 83' lang='lat'><strong>26</strong></span> 
     </span>
     <span class='ocr_line' id='line_1_13' title="bbox 187 1013 1461 1069; baseline -0.002 -12"><span class='ocrx_word' id='word_1_96' title='bbox 187 1015 375 1069; x_wconf 86' lang='lat' dir='ltr'><strong>gentius</strong></span> <span class='ocrx_word' id='word_1_97' title='bbox 394 1015 520 1057; x_wconf 89' lang='lat' dir='ltr'><strong>enim</strong></span> <span class='ocrx_word' id='word_1_98' title='bbox 550 1013 847 1068; x_wconf 84' lang='lat' dir='ltr'><strong>componitur</strong></span> <span class='ocrx_word' id='word_1_99' title='bbox 866 1027 1009 1067; x_wconf 92' lang='lat' dir='ltr'><strong>quam</strong></span> <span class='ocrx_word' id='word_1_100' title='bbox 1038 1013 1135 1064; x_wconf 91' lang='lat' dir='ltr'><strong>illa,</strong></span> <span class='ocrx_word' id='word_1_101' title='bbox 1154 1013 1204 1054; x_wconf 90' lang='lat' dir='ltr'><strong>in</strong></span> <span class='ocrx_word' id='word_1_102' title='bbox 1235 1026 1328 1066; x_wconf 92' lang='lat' dir='ltr'><strong>qua</strong></span> <span class='ocrx_word' id='word_1_103' title='bbox 1357 1026 1461 1054; x_wconf 90' lang='lat' dir='ltr'><strong>con-</strong></span> 
     </span>
     <span class='ocr_line' id='line_1_14' title="bbox 186 1077 1462 1123; baseline -0.004 0"><span class='ocrx_word' id='word_1_104' title='bbox 186 1082 370 1123; x_wconf 85' lang='lat' dir='ltr'><strong>textum</strong></span> <span class='ocrx_word' id='word_1_105' title='bbox 389 1079 573 1122; x_wconf 87' lang='lat' dir='ltr'><strong>dicendi</strong></span> <span class='ocrx_word' id='word_1_106' title='bbox 593 1079 903 1121; x_wconf 89' lang='lat' dir='ltr'><strong>intermittere</strong></span> <span class='ocrx_word' id='word_1_107' title='bbox 922 1092 1151 1120; x_wconf 85' lang='lat' dir='ltr'><strong>veremur.</strong></span> <span class='ocrx_word' id='word_1_108' title='bbox 1209 1078 1392 1119; x_wconf 86' lang='lat' dir='ltr'><strong>Rursus</strong></span> <span class='ocrx_word' id='word_1_109' title='bbox 1411 1077 1462 1119; x_wconf 93' lang='lat' dir='ltr'><strong>in</strong></span> 
     </span>
     <span class='ocr_line' id='line_1_15' title="bbox 187 1141 1461 1199; baseline -0.003 -13"><span class='ocrx_word' id='word_1_110' title='bbox 187 1144 281 1197; x_wconf 84' lang='lat' dir='ltr'><strong>alia</strong></span> <span class='ocrx_word' id='word_1_111' title='bbox 317 1145 424 1199; x_wconf 89' lang='lat' dir='ltr'><strong>plus</strong></span> <span class='ocrx_word' id='word_1_112' title='bbox 469 1144 598 1199; x_wconf 91' lang='lat' dir='ltr'><strong>prior</strong></span> <span class='ocrx_word' id='word_1_113' title='bbox 636 1144 831 1195; x_wconf 78' lang='lat' dir='ltr'><strong>confert,</strong></span> <span class='ocrx_word' id='word_1_114' title='bbox 869 1143 997 1185; x_wconf 88' lang='lat' dir='ltr'><strong>vocis</strong></span> <span class='ocrx_word' id='word_1_115' title='bbox 1044 1143 1330 1193; x_wconf 90' lang='lat' dir='ltr'><strong>firmitatem,</strong></span> <span class='ocrx_word' id='word_1_116' title='bbox 1368 1141 1461 1183; x_wconf 88' lang='lat' dir='ltr'><strong>oris</strong></span> 
     </span>
     <span class='ocr_line' id='line_1_16' title="bbox 188 1206 1462 1262; baseline -0.003 -10"><span class='ocrx_word' id='word_1_117' title='bbox 188 1209 479 1256; x_wconf 80' lang='lat' dir='ltr'><strong>facilitatem,</strong></span> <span class='ocrx_word' id='word_1_118' title='bbox 508 1211 690 1250; x_wconf 86' lang='lat' dir='ltr'><strong>motum</strong></span> <span class='ocrx_word' id='word_1_119' title='bbox 719 1208 937 1262; x_wconf 88' lang='lat' dir='ltr'><strong>corporis,</strong></span> <span class='ocrx_word' id='word_1_120' title='bbox 957 1208 1039 1261; x_wconf 93' lang='lat' dir='ltr'><strong>qui</strong></span> <span class='ocrx_word' id='word_1_121' title='bbox 1059 1210 1105 1249; x_wconf 89' lang='lat' dir='ltr'><strong>et</strong></span> <span class='ocrx_word' id='word_1_122' title='bbox 1134 1207 1246 1261; x_wconf 89' lang='lat' dir='ltr'><strong>ipse,</strong></span> <span class='ocrx_word' id='word_1_123' title='bbox 1266 1208 1321 1248; x_wconf 93' lang='lat' dir='ltr'><strong>ut</strong></span> <span class='ocrx_word' id='word_1_124' title='bbox 1349 1206 1462 1258; x_wconf 86' lang='lat' dir='ltr'><strong>dixi,</strong></span> 
     </span>
     <span class='ocr_line' id='line_1_17' title="bbox 188 1270 1462 1325; baseline -0.003 -9"><span class='ocrx_word' id='word_1_125' title='bbox 188 1274 361 1316; x_wconf 88' lang='lat' dir='ltr'><strong>excitat</strong></span> <span class='ocrx_word' id='word_1_126' title='bbox 380 1276 611 1316; x_wconf 81' lang='lat' dir='ltr'><strong>oratorem</strong></span> <span class='ocrx_word' id='word_1_127' title='bbox 640 1275 686 1315; x_wconf 89' lang='lat' dir='ltr'><strong>et</strong></span> <span class='ocrx_word' id='word_1_128' title='bbox 714 1273 965 1315; x_wconf 90' lang='lat' dir='ltr'><strong>iactatione</strong></span> <span class='ocrx_word' id='word_1_129' title='bbox 994 1285 1176 1323; x_wconf 89' lang='lat' dir='ltr'><strong>manus,</strong></span> <span class='ocrx_word' id='word_1_130' title='bbox 1195 1270 1327 1325; x_wconf 91' lang='lat' dir='ltr'><strong>pedis</strong></span> <span class='ocrx_word' id='word_1_131' title='bbox 1355 1284 1462 1324; x_wconf 89' lang='lat' dir='ltr'><strong>sup-</strong></span> 
     </span>
     <span class='ocr_line' id='line_1_18' title="bbox 187 1335 1462 1393; baseline -0.004 -12"><span class='ocrx_word' id='word_1_132' title='bbox 187 1338 408 1393; x_wconf 87' lang='lat' dir='ltr'><strong>plosione,</strong></span> <span class='ocrx_word' id='word_1_133' title='bbox 428 1338 549 1381; x_wconf 89' lang='lat' dir='ltr'><strong>sicut</strong></span> <span class='ocrx_word' id='word_1_134' title='bbox 578 1337 727 1381; x_wconf 90' lang='lat' dir='ltr'><strong>cauda</strong></span> <span class='ocrx_word' id='word_1_135' title='bbox 754 1337 909 1379; x_wconf 89' lang='lat' dir='ltr'><strong>leones</strong></span> <span class='ocrx_word' id='word_1_136' title='bbox 929 1337 1082 1379; x_wconf 77' lang='lat' dir='ltr'><strong>facere</strong></span> <span class='ocrx_word' id='word_1_137' title='bbox 1101 1336 1339 1387; x_wconf 86' lang='lat' dir='ltr'><strong>dicuntur,</strong></span> <span class='ocrx_word' id='word_1_138' title='bbox 1357 1335 1462 1377; x_wconf 89' lang='lat' dir='ltr'><strong>hor-</strong></span> 
     </span>
     <span class='ocr_line' id='line_1_19' title="bbox 188 1400 1519 1456; baseline -0.005 -9"><span class='ocrx_word' id='word_1_139' title='bbox 188 1406 329 1447; x_wconf 86' lang='lat' dir='ltr'><strong>tatur.</strong></span> <span class='ocrx_word' id='word_1_140' title='bbox 387 1403 679 1447; x_wconf 86' lang='lat' dir='ltr'><strong>Studendum</strong></span> <span class='ocrx_word' id='word_1_141' title='bbox 698 1416 810 1445; x_wconf 86' lang='lat' dir='ltr'><strong>vero</strong></span> <span class='ocrx_word' id='word_1_142' title='bbox 840 1415 1021 1456; x_wconf 88' lang='lat' dir='ltr'><strong>semper</strong></span> <span class='ocrx_word' id='word_1_143' title='bbox 1051 1403 1097 1444; x_wconf 91' lang='lat' dir='ltr'><strong>et</strong></span> <span class='ocrx_word' id='word_1_144' title='bbox 1129 1400 1315 1454; x_wconf 91' lang='lat' dir='ltr'><strong>ubique.</strong></span> <span class='ocrx_word' id='word_1_145' title='bbox 1373 1400 1462 1442; x_wconf 90' lang='lat' dir='ltr'><strong>Ne·</strong></span> <span class='ocrx_word' id='word_1_146' title='bbox 1473 1406 1519 1441; x_wconf 81' lang='lat'><strong>2¹7</strong></span> 
     </span>
     <span class='ocr_line' id='line_1_20' title="bbox 188 1466 1462 1522; baseline -0.004 -11"><span class='ocrx_word' id='word_1_147' title='bbox 188 1483 278 1522; x_wconf 90' lang='lat' dir='ltr'><strong>que</strong></span> <span class='ocrx_word' id='word_1_148' title='bbox 310 1469 435 1511; x_wconf 92' lang='lat' dir='ltr'><strong>enim</strong></span> <span class='ocrx_word' id='word_1_149' title='bbox 468 1468 567 1510; x_wconf 87' lang='lat' dir='ltr'><strong>fere</strong></span> <span class='ocrx_word' id='word_1_150' title='bbox 597 1470 694 1510; x_wconf 90' lang='lat' dir='ltr'><strong>tam</strong></span> <span class='ocrx_word' id='word_1_151' title='bbox 728 1469 798 1509; x_wconf 90' lang='lat' dir='ltr'><strong>est</strong></span> <span class='ocrx_word' id='word_1_152' title='bbox 830 1467 958 1509; x_wconf 91' lang='lat' dir='ltr'><strong>ullus</strong></span> <span class='ocrx_word' id='word_1_153' title='bbox 986 1466 1084 1508; x_wconf 87' lang='lat' dir='ltr'><strong>dies</strong></span> <span class='ocrx_word' id='word_1_154' title='bbox 1112 1468 1380 1519; x_wconf 88' lang='lat' dir='ltr'><strong>occupatus,</strong></span> <span class='ocrx_word' id='word_1_155' title='bbox 1407 1467 1462 1507; x_wconf 91' lang='lat' dir='ltr'><strong>ut</strong></span> 
     </span>
     <span class='ocr_line' id='line_1_21' title="bbox 188 1528 1462 1583; baseline -0.004 -8"><span class='ocrx_word' id='word_1_156' title='bbox 188 1533 309 1575; x_wconf 87' lang='lat' dir='ltr'><strong>nihil</strong></span> <span class='ocrx_word' id='word_1_157' title='bbox 327 1532 599 1583; x_wconf 89' lang='lat' dir='ltr'><strong>lucrativae,</strong></span> <span class='ocrx_word' id='word_1_158' title='bbox 618 1534 673 1574; x_wconf 95' lang='lat' dir='ltr'><strong>ut</strong></span> <span class='ocrx_word' id='word_1_159' title='bbox 702 1531 864 1575; x_wconf 84' lang='lat' dir='ltr'><strong>Cicero</strong></span> <span class='ocrx_word' id='word_1_160' title='bbox 893 1531 1096 1573; x_wconf 92' lang='lat' dir='ltr'><strong>Brutum</strong></span> <span class='ocrx_word' id='word_1_161' title='bbox 1120 1530 1273 1572; x_wconf 83' lang='lat' dir='ltr'><strong>facere</strong></span> <span class='ocrx_word' id='word_1_162' title='bbox 1303 1528 1462 1580; x_wconf 86' lang='lat' dir='ltr'><strong>tradit,</strong></span> 
     </span>
     <span class='ocr_line' id='line_1_22' title="bbox 190 1594 1462 1652; baseline -0.004 -12"><span class='ocrx_word' id='word_1_163' title='bbox 190 1612 355 1652; x_wconf 91' lang='lat' dir='ltr'><strong>operae</strong></span> <span class='ocrx_word' id='word_1_164' title='bbox 375 1597 434 1639; x_wconf 93' lang='lat' dir='ltr'><strong>ad</strong></span> <span class='ocrx_word' id='word_1_165' title='bbox 468 1596 765 1639; x_wconf 90' lang='lat' dir='ltr'><strong>scribendum</strong></span> <span class='ocrx_word' id='word_1_166' title='bbox 798 1598 882 1639; x_wconf 95' lang='lat' dir='ltr'><strong>aut</strong></span> <span class='ocrx_word' id='word_1_167' title='bbox 913 1595 1164 1649; x_wconf 89' lang='lat' dir='ltr'><strong>legendum</strong></span> <span class='ocrx_word' id='word_1_168' title='bbox 1196 1596 1280 1636; x_wconf 92' lang='lat' dir='ltr'><strong>aut</strong></span> <span class='ocrx_word' id='word_1_169' title='bbox 1310 1594 1462 1636; x_wconf 90' lang='lat' dir='ltr'><strong>dicen-</strong></span> 
     </span>
     <span class='ocr_line' id='line_1_23' title="bbox 189 1659 1463 1716; baseline -0.003 -12"><span class='ocrx_word' id='word_1_170' title='bbox 189 1662 303 1704; x_wconf 92' lang='lat' dir='ltr'><strong>dum</strong></span> <span class='ocrx_word' id='word_1_171' title='bbox 322 1662 424 1716; x_wconf 87' lang='lat' dir='ltr'><strong>rapi</strong></span> <span class='ocrx_word' id='word_1_172' title='bbox 445 1662 602 1715; x_wconf 91' lang='lat' dir='ltr'><strong>aliquo</strong></span> <span class='ocrx_word' id='word_1_173' title='bbox 621 1663 858 1704; x_wconf 91' lang='lat' dir='ltr'><strong>momento</strong></span> <span class='ocrx_word' id='word_1_174' title='bbox 878 1660 1102 1714; x_wconf 86' lang='lat' dir='ltr'><strong>temporis</strong></span> <span class='ocrx_word' id='word_1_175' title='bbox 1121 1659 1293 1714; x_wconf 86' lang='lat' dir='ltr'><strong>possit;</strong></span> <span class='ocrx_word' id='word_1_176' title='bbox 1321 1659 1463 1712; x_wconf 90' lang='lat' dir='ltr'><strong>siqui-</strong></span> 
     </span>
     <span class='ocr_line' id='line_1_24' title="bbox 189 1724 1463 1770; baseline -0.002 -2"><span class='ocrx_word' id='word_1_177' title='bbox 189 1726 295 1769; x_wconf 89' lang='lat' dir='ltr'><strong>dem</strong></span> <span class='ocrx_word' id='word_1_178' title='bbox 326 1727 375 1770; x_wconf 83' lang='lat' dir='ltr'><strong>O.</strong></span> <span class='ocrx_word' id='word_1_179' title='bbox 398 1726 550 1770; x_wconf 86' lang='lat' dir='ltr'><strong>Carbo</strong></span> <span class='ocrx_word' id='word_1_180' title='bbox 580 1726 722 1768; x_wconf 89' lang='lat' dir='ltr'><strong>etiam</strong></span> <span class='ocrx_word' id='word_1_181' title='bbox 752 1726 804 1768; x_wconf 91' lang='lat' dir='ltr'><strong>in</strong></span> <span class='ocrx_word' id='word_1_182' title='bbox 833 1724 1136 1768; x_wconf 90' lang='lat' dir='ltr'><strong>tabernaculo</strong></span> <span class='ocrx_word' id='word_1_183' title='bbox 1168 1724 1346 1766; x_wconf 89' lang='lat' dir='ltr'><strong>solebat</strong></span> <span class='ocrx_word' id='word_1_184' title='bbox 1374 1724 1463 1766; x_wconf 92' lang='lat' dir='ltr'><strong>hac</strong></span> 
     </span>
     <span class='ocr_line' id='line_1_25' title="bbox 189 1789 1519 1843; baseline -0.004 -9"><span class='ocrx_word' id='word_1_185' title='bbox 189 1792 262 1834; x_wconf 90' lang='lat' dir='ltr'><strong>uti</strong></span> <span class='ocrx_word' id='word_1_186' title='bbox 295 1791 624 1834; x_wconf 87' lang='lat' dir='ltr'><strong>exercitatione</strong></span> <span class='ocrx_word' id='word_1_187' title='bbox 653 1791 849 1834; x_wconf 89' lang='lat' dir='ltr'><strong>dicendi.</strong></span> <span class='ocrx_word' id='word_1_188' title='bbox 907 1790 978 1832; x_wconf 88' lang='lat' dir='ltr'><strong>Ne</strong></span> <span class='ocrx_word' id='word_1_189' title='bbox 1008 1789 1057 1831; x_wconf 92' lang='lat' dir='ltr'><strong>id</strong></span> <span class='ocrx_word' id='word_1_190' title='bbox 1090 1789 1281 1843; x_wconf 88' lang='lat' dir='ltr'><strong>quidem</strong></span> <span class='ocrx_word' id='word_1_191' title='bbox 1310 1791 1461 1831; x_wconf 87' lang='lat' dir='ltr'><strong>tacen-</strong></span> <span class='ocrx_word' id='word_1_192' title='bbox 1474 1793 1519 1828; x_wconf 85' lang='lat'><strong>28</strong></span> 
     </span>
     <span class='ocr_line' id='line_1_26' title="bbox 189 1853 1462 1910; baseline -0.003 -11"><span class='ocrx_word' id='word_1_193' title='bbox 189 1856 304 1899; x_wconf 93' lang='lat' dir='ltr'><strong>dum</strong></span> <span class='ocrx_word' id='word_1_194' title='bbox 349 1858 432 1908; x_wconf 90' lang='lat' dir='ltr'><strong>est,</strong></span> <span class='ocrx_word' id='word_1_195' title='bbox 469 1855 593 1910; x_wconf 93' lang='lat' dir='ltr'><strong>quod</strong></span> <span class='ocrx_word' id='word_1_196' title='bbox 637 1855 786 1898; x_wconf 89' lang='lat' dir='ltr'><strong>eidem</strong></span> <span class='ocrx_word' id='word_1_197' title='bbox 823 1855 1036 1899; x_wconf 82' lang='lat' dir='ltr'><strong>Ciceroni</strong></span> <span class='ocrx_word' id='word_1_198' title='bbox 1073 1854 1240 1909; x_wconf 91' lang='lat' dir='ltr'><strong>placet,</strong></span> <span class='ocrx_word' id='word_1_199' title='bbox 1276 1853 1462 1895; x_wconf 87' lang='lat' dir='ltr'><strong>nullum</strong></span> 
     </span>
     <span class='ocr_line' id='line_1_27' title="bbox 190 1920 1462 1975; baseline -0.003 -11"><span class='ocrx_word' id='word_1_200' title='bbox 190 1924 404 1964; x_wconf 87' lang='lat' dir='ltr'><strong>nostrum</strong></span> <span class='ocrx_word' id='word_1_201' title='bbox 440 1935 639 1975; x_wconf 88' lang='lat' dir='ltr'><strong>usquam</strong></span> <span class='ocrx_word' id='word_1_202' title='bbox 685 1920 1008 1974; x_wconf 82' lang='lat' dir='ltr'><strong>neglegentem</strong></span> <span class='ocrx_word' id='word_1_203' title='bbox 1045 1933 1142 1962; x_wconf 88' lang='lat' dir='ltr'><strong>esse</strong></span> <span class='ocrx_word' id='word_1_204' title='bbox 1179 1932 1462 1971; x_wconf 83' lang='lat' dir='ltr'><strong>sermonem3</strong></span> 
     </span>
     <span class='ocr_line' id='line_1_28' title="bbox 190 1983 1463 2039; baseline -0.002 -12"><span class='ocrx_word' id='word_1_205' title='bbox 190 1985 419 2039; x_wconf 91' lang='lat' dir='ltr'><strong>quidquid</strong></span> <span class='ocrx_word' id='word_1_206' title='bbox 445 1985 691 2039; x_wconf 89' lang='lat' dir='ltr'><strong>loquemur</strong></span> <span class='ocrx_word' id='word_1_207' title='bbox 709 1984 1007 2037; x_wconf 86' lang='lat' dir='ltr'><strong>ubicumque,</strong></span> <span class='ocrx_word' id='word_1_208' title='bbox 1027 1984 1088 2026; x_wconf 90' lang='lat' dir='ltr'><strong>sit</strong></span> <span class='ocrx_word' id='word_1_209' title='bbox 1115 1998 1200 2038; x_wconf 89' lang='lat' dir='ltr'><strong>pro</strong></span> <span class='ocrx_word' id='word_1_210' title='bbox 1229 1983 1316 2026; x_wconf 88' lang='lat' dir='ltr'><strong>sua</strong></span> <span class='ocrx_word' id='word_1_211' title='bbox 1343 1983 1463 2025; x_wconf 89' lang='lat' dir='ltr'><strong>scili-</strong></span> 
     </span>
     <span class='ocr_line' id='line_1_29' title="bbox 191 2049 1463 2105; baseline -0.002 -12"><span class='ocrx_word' id='word_1_212' title='bbox 191 2052 263 2093; x_wconf 90' lang='lat' dir='ltr'><strong>cet</strong></span> <span class='ocrx_word' id='word_1_213' title='bbox 290 2050 502 2105; x_wconf 88' lang='lat' dir='ltr'><strong>portione</strong></span> <span class='ocrx_word' id='word_1_214' title='bbox 530 2050 802 2104; x_wconf 86' lang='lat' dir='ltr'><strong>perfectum.</strong></span> <span class='ocrx_word' id='word_1_215' title='bbox 861 2049 1168 2092; x_wconf 89' lang='lat' dir='ltr'><strong>Scribendum</strong></span> <span class='ocrx_word' id='word_1_216' title='bbox 1188 2050 1311 2091; x_wconf 90' lang='lat' dir='ltr'><strong>certe</strong></span> <span class='ocrx_word' id='word_1_217' title='bbox 1330 2062 1463 2090; x_wconf 91' lang='lat' dir='ltr'><strong>num-</strong></span> 
     </span>
     <span class='ocr_line' id='line_1_30' title="bbox 190 2113 1464 2169; baseline -0.002 -12"><span class='ocrx_word' id='word_1_218' title='bbox 190 2129 334 2169; x_wconf 90' lang='lat' dir='ltr'><strong>quam</strong></span> <span class='ocrx_word' id='word_1_219' title='bbox 370 2117 439 2157; x_wconf 88' lang='lat' dir='ltr'><strong>est</strong></span> <span class='ocrx_word' id='word_1_220' title='bbox 470 2115 635 2168; x_wconf 85' lang='lat' dir='ltr'><strong>magis,</strong></span> <span class='ocrx_word' id='word_1_221' title='bbox 668 2128 810 2168; x_wconf 91' lang='lat' dir='ltr'><strong>quam</strong></span> <span class='ocrx_word' id='word_1_222' title='bbox 841 2127 949 2156; x_wconf 92' lang='lat' dir='ltr'><strong>cum</strong></span> <span class='ocrx_word' id='word_1_223' title='bbox 981 2113 1133 2155; x_wconf 91' lang='lat' dir='ltr'><strong>multa</strong></span> <span class='ocrx_word' id='word_1_224' title='bbox 1165 2113 1374 2156; x_wconf 89' lang='lat' dir='ltr'><strong>dicemus</strong></span> <span class='ocrx_word' id='word_1_225' title='bbox 1406 2126 1464 2155; x_wconf 87' lang='lat' dir='ltr'><strong>ex</strong></span> 
     </span>
     <span class='ocr_line' id='line_1_31' title="bbox 139 2178 1464 2234; baseline -0.002 -12"><span class='ocrx_word' id='word_1_226' title='bbox 139 2179 145 2188; x_wconf 83' lang='lat'><em>&#39;</em></span> <span class='ocrx_word' id='word_1_227' title='bbox 191 2182 409 2234; x_wconf 88' lang='lat' dir='ltr'><strong>tempore.</strong></span> <span class='ocrx_word' id='word_1_228' title='bbox 457 2180 532 2222; x_wconf 93' lang='lat' dir='ltr'><strong>Ita</strong></span> <span class='ocrx_word' id='word_1_229' title='bbox 546 2180 671 2222; x_wconf 90' lang='lat' dir='ltr'><strong>enim</strong></span> <span class='ocrx_word' id='word_1_230' title='bbox 687 2178 951 2221; x_wconf 89' lang='lat' dir='ltr'><strong>servabitur</strong></span> <span class='ocrx_word' id='word_1_231' title='bbox 970 2178 1165 2232; x_wconf 89' lang='lat' dir='ltr'><strong>pondus,</strong></span> <span class='ocrx_word' id='word_1_232' title='bbox 1180 2180 1226 2221; x_wconf 92' lang='lat' dir='ltr'><strong>et</strong></span> <span class='ocrx_word' id='word_1_233' title='bbox 1245 2178 1464 2220; x_wconf 89' lang='lat' dir='ltr'><strong>innatans</strong></span> 
     </span>
     <span class='ocr_line' id='line_1_32' title="bbox 191 2242 1464 2296; baseline -0.002 -9"><span class='ocrx_word' id='word_1_234' title='bbox 191 2244 276 2286; x_wconf 83' lang='lat' dir='ltr'><strong>issa</strong></span> <span class='ocrx_word' id='word_1_235' title='bbox 293 2245 544 2287; x_wconf 87' lang='lat' dir='ltr'><strong>verborum</strong></span> <span class='ocrx_word' id='word_1_236' title='bbox 573 2243 777 2286; x_wconf 85' lang='lat' dir='ltr'><strong>facilitas</strong></span> <span class='ocrx_word' id='word_1_237' title='bbox 796 2243 847 2284; x_wconf 90' lang='lat' dir='ltr'><strong>in</strong></span> <span class='ocrx_word' id='word_1_238' title='bbox 874 2242 1025 2285; x_wconf 93' lang='lat' dir='ltr'><strong>altum</strong></span> <span class='ocrx_word' id='word_1_239' title='bbox 1043 2243 1315 2296; x_wconf 81' lang='lat' dir='ltr'><strong>reducetur3</strong></span> <span class='ocrx_word' id='word_1_240' title='bbox 1344 2242 1464 2284; x_wconf 89' lang='lat' dir='ltr'><strong>sicut</strong></span> 
     </span>
     <span class='ocr_line' id='line_1_33' title="bbox 192 2307 1464 2363; baseline -0.002 -12"><span class='ocrx_word' id='word_1_241' title='bbox 192 2309 358 2351; x_wconf 84' lang='lat' dir='ltr'><strong>rustici</strong></span> <span class='ocrx_word' id='word_1_242' title='bbox 403 2309 639 2363; x_wconf 89' lang='lat' dir='ltr'><strong>proximas</strong></span> <span class='ocrx_word' id='word_1_243' title='bbox 676 2308 789 2350; x_wconf 86' lang='lat' dir='ltr'><strong>vitis</strong></span> <span class='ocrx_word' id='word_1_244' title='bbox 826 2307 1004 2350; x_wconf 85' lang='lat' dir='ltr'><strong>radices</strong></span> <span class='ocrx_word' id='word_1_245' title='bbox 1045 2310 1308 2362; x_wconf 88' lang='lat' dir='ltr'><strong>amputant,</strong></span> <span class='ocrx_word' id='word_1_246' title='bbox 1346 2321 1464 2360; x_wconf 88' lang='lat' dir='ltr'><strong>quae</strong></span> 
     </span>
     <span class='ocr_line' id='line_1_34' title="bbox 191 2371 1465 2422; baseline -0.003 -6"><span class='ocrx_word' id='word_1_247' title='bbox 191 2373 324 2416; x_wconf 84' lang='lat' dir='ltr'><strong>illam</strong></span> <span class='ocrx_word' id='word_1_248' title='bbox 360 2374 412 2415; x_wconf 87' lang='lat' dir='ltr'><strong>in</strong></span> <span class='ocrx_word' id='word_1_249' title='bbox 443 2387 681 2416; x_wconf 89' lang='lat' dir='ltr'><strong>summum</strong></span> <span class='ocrx_word' id='word_1_250' title='bbox 718 2372 871 2415; x_wconf 89' lang='lat' dir='ltr'><strong>solum</strong></span> <span class='ocrx_word' id='word_1_251' title='bbox 908 2372 1101 2422; x_wconf 90' lang='lat' dir='ltr'><strong>ducunt,</strong></span> <span class='ocrx_word' id='word_1_252' title='bbox 1129 2374 1183 2413; x_wconf 91' lang='lat' dir='ltr'><strong>ut</strong></span> <span class='ocrx_word' id='word_1_253' title='bbox 1220 2371 1465 2413; x_wconf 83' lang='lat' dir='ltr'><strong>inferiores</strong></span> 
     </span>
    </p>
   </div>
  </div>
 </body>
</html>
