1696 2638
494 185 616 220 [NST.
647 184 856 219 ORATOR.
885 183 929 225 X,
962 184 992 225 1,
1022 183 1142 218 57-61.
1400 185 1455 226 39

189 300 501 357 plurimorum.
550 300 803 353 poetarum.
880 296 1004 351 Quid
1021 298 1041 339 Ρ
1086 295 1306 338 Herculis
1352 297 1457 338 acta

189 381 284 410 non
318 366 435 408 bene
472 362 824 406 Pisandros?
878 360 1237 404 Nicandrum
1279 361 1457 403 frustra

190 431 335 474 secuti
354 430 510 472 Macer
529 430 669 481 atque
687 427 928 481 Vergilius
947 429 965 469 Ρ
1015 425 1139 480 Quid
1157 427 1176 468 Ρ
1230 425 1456 479 Eupho-

189 497 409 538 rionem
435 493 740 536 transibimus
759 494 777 535 Ρ
804 506 944 545 quem
965 491 1058 533 nisi
1085 490 1324 545 probasset
1343 491 1458 532 Ver-

190 559 345 613 gilius,
360 557 483 600 idem
498 569 755 609 numquam
776 557 897 597 certe
912 569 936 597 c
947 554 1280 596 onditorum
1297 553 1333 597 O
1343 553 1376 594 h
1386 553 1458 595 al-

190 623 377 666 cidico
402 635 574 664 versu
602 620 923 663 carminum
950 619 1137 661 fecisset
1155 618 1206 660 in
1225 617 1458 660 Bucolicis

190 688 484 731 mentionem.
549 685 707 740 Quid?
745 685 972 727 Horatius
1005 684 1184 726 frustra
1221 683 1459 737 Tyrtae-

189 768 280 796 um
309 753 513 795 Homero
533 751 778 804 subiungit
796 752 814 792 Ρ
870 750 966 791 Nec
986 763 1094 791 sane
1123 748 1371 802 quisquam
1389 749 1459 790 est
1471 754 1516 789 57

189 820 288 860 tam
317 816 478 871 procul
498 830 526 858 a
556 816 820 869 cognitione
851 828 1012 857 eorum
1042 815 1262 865 remotus,
1281 814 1336 854 ut
1365 826 1459 854 non

189 883 390 925 indicem
409 883 531 924 certe
551 894 607 923 ex
635 880 917 922 bibliotheca
936 880 1177 932 sumptum
1205 878 1459 920 transferre

189 948 240 990 in
275 947 421 989 libros
458 959 564 988 suos
602 945 758 999 possit.
829 945 926 987 Nec
960 943 1126 998 ignoro
1163 943 1312 996 igitur
1344 956 1460 996 quos

189 1014 373 1054 transeo
393 1025 476 1053 nec
496 1011 659 1063 utique
679 1010 863 1061 damno,
881 1011 937 1051 ut
965 1009 1048 1062 qui
1077 1008 1276 1050 dixerim
1295 1021 1390 1050 esse
1409 1007 1460 1049 in

189 1077 406 1120 omnibus
424 1075 646 1117 utilitatis
666 1074 856 1128 aliquid.
914 1074 1002 1117 Sed
1021 1073 1080 1115 ad
1110 1072 1216 1115 illos
1235 1073 1339 1115 iam·
1359 1086 1460 1126 per-

190 1142 325 1184 fectis
344 1141 702 1193 constitutisque
721 1139 903 1181 viribus
922 1141 1234 1190 revertemur3
1263 1137 1387 1191 quod
1408 1137 1460 1179 in
1472 1145 1516 1179 58

190 1207 315 1249 cenis
345 1205 600 1260 grandibus
631 1218 765 1258 saepe
798 1204 1016 1254 facimus,
1045 1205 1115 1256 ut,
1133 1217 1241 1245 cum
1270 1202 1460 1256 optimis

191 1271 351 1313 satiati
370 1284 544 1321 sumUS,
564 1269 767 1312 varietas
794 1271 953 1311 tamen
971 1268 1106 1310 nobis
1136 1282 1193 1310 ex
1212 1267 1460 1310 vilioribus

190 1338 326 1389 grata
350 1336 423 1377 sit.
481 1335 611 1377 Tunc
642 1336 688 1376 et
718 1333 965 1387 elegiam
995 1334 1184 1375 vacabit
1213 1333 1264 1375 in
1292 1346 1460 1374 manus

190 1398 384 1451 sumere,
409 1400 542 1442 cuius
570 1399 784 1453 princeps
813 1398 1014 1440 habetur
1045 1398 1082 1442 O
1093 1397 1414 1440 allimachu
1425 1410 1461 1448 s,

190 1464 414 1507 secundas
439 1463 725 1507 confessione
753 1463 1065 1518 plurimorum
1094 1463 1361 1506 Philetas
1389 1476 1461 1504 oc-

190 1529 394 1584 cupavit.
715 1533 717 1535 ’

272 1593 360 1637 Sed
388 1593 501 1635 dum
533 1593 834 1647 adsequimur
866 1593 999 1635 illam
1032 1593 1229 1645 firmam,
1261 1594 1316 1635 ut
1348 1591 1460 1644 dixi,
1472 1601 1516 1636 59

191 1658 480 1710 facilitatem,
511 1658 700 1712 optimis
730 1658 1096 1701 adsuescendum
1125 1660 1195 1711 est
1232 1659 1278 1700 et
1310 1657 1461 1700 multa

190 1723 341 1777 magis
369 1736 510 1776 quam
537 1722 795 1764 multorum
826 1722 1024 1765 lectione
1057 1722 1303 1765 formanda
1331 1736 1461 1769 mens
1520 1749 1522 1751 ·

190 1790 236 1830 et
279 1787 516 1830 ducendus
565 1787 701 1830 color.
777 1788 941 1841 Itaque
978 1801 1035 1830 ex
1070 1788 1224 1829 tribus
1263 1787 1461 1841 receptis

106 1863 113 1869 ·
191 1852 455 1894 Aristarchi
492 1851 667 1893 iudicio
705 1852 1010 1906 scriptoribus
1046 1852 1061 1893 i
1074 1866 1102 1894 a
1110 1866 1158 1894 m
1167 1852 1198 1894 b
1208 1866 1236 1894 o
1244 1866 1269 1894 r
1277 1866 1310 1894 u
1319 1866 1368 1893 m
1401 1851 1461 1894 ad

192 1917 270 1966 ἕξιν
315 1917 516 1958 maxime
571 1916 823 1970 pertinebit
877 1930 1000 1959 unus
1052 1915 1459 1958 Archilochus.

192 1982 384 2025 Summa
411 1981 462 2023 in
491 1981 578 2023 hoc
598 1981 671 2023 vis
701 1981 988 2033 elocutionis,
1007 1995 1115 2023 cum
1145 1981 1328 2024 validae
1357 1983 1460 2023 tum
1473 1989 1517 2023 60

190 2045 354 2088 breves
390 2046 721 2099 vibrantesque
758 2045 1025 2097 sententiae,
1062 2045 1321 2100 plurimum
1358 2059 1461 2088 san-

191 2110 352 2163 guinisv
378 2112 517 2164 atque
546 2124 812 2161 nervorum,
826 2110 940 2152 adeo
958 2112 1014 2152 ut
1036 2110 1253 2152 videatur
1271 2110 1461 2164 quibus-

191 2173 312 2226 dam,
330 2174 454 2228 quod
482 2189 716 2229 quoquam
735 2175 888 2216 minor
907 2177 990 2226 est,
1008 2175 1229 2217 materiae
1249 2189 1346 2218 esse
1365 2189 1461 2217 non

190 2238 368 2292 ingenii
387 2240 571 2283 vitium.

271 2303 454 2347 Novem
483 2319 593 2348 vero
623 2304 967 2359 Lyricorum
998 2304 1136 2358 longe
1170 2304 1514 2347 Pindarus61

190 2367 404 2425 princeps
441 2370 633 2425 spiritus
670 2369 1030 2424 magnificentia,
1059 2370 1315 2421 sententiis,
1344 2369 1462 2423 figu-
