1696 2638
383 157 505 193 INST.
535 157 745 192 ORATOR.
776 156 860 198 xil,
890 159 922 199 2,
952 157 1006 199 30,
1034 157 1097 198 31;
1120 157 1152 199 3,
1184 157 1216 192 1.
1350 159 1433 200 105

164 272 423 327 tiquitus
451 271 610 314 dicta
637 285 698 313 ac
727 271 888 313 facta
923 270 1238 326 praeclare,
1258 273 1304 313 et
1331 284 1435 313 nos-

165 352 213 381 se
231 340 278 381 et
296 337 454 380 animo
474 350 652 391 semper
671 335 851 389 agitare
871 335 1126 379 conveniet.
1184 335 1313 389 Quae
1331 349 1435 390 pro-

165 403 287 446 fecto
306 415 537 456 nusquam
564 400 703 455 plura
721 400 990 454 maioraque
1009 405 1151 454 quam
1170 400 1222 442 in
1249 403 1434 442 nostrae

164 467 371 510 civitatis
393 466 708 509 monumentis
730 466 1032 520 reperientur.
1089 466 1168 508 An
1196 465 1434 508 fortitudi-
1446 469 1490 503 30

164 546 284 584 nem,
302 531 547 582 iustitiam,
562 530 714 584 fidem,
729 530 1080 581 continentiam,
1096 529 1434 583 frugalitatem,

164 598 481 651 contemptum
512 595 685 637 doloris
715 608 769 636 ac
799 595 965 636 mortis
994 594 1162 637 melius
1193 594 1275 636 alii
1305 594 1434 637 doce-

163 662 283 704 bunt
315 675 457 715 quam
483 660 702 711 Fabricii,
723 659 870 710 Curii,
897 659 1082 712 Reguli,
1109 659 1253 711 Decii,
1273 659 1435 711 Mucii,

163 725 335 778 aliique
367 723 729 766 innumerabiles
748 725 766 766 Ρ
835 722 1075 777 Quantum
1107 724 1231 766 enim
1265 724 1434 767 Graeci

162 790 419 844 praeceptis
438 787 612 840 valent,
630 790 817 830 tantum
846 788 1061 840 Romani,
1080 789 1204 842 quod
1232 791 1302 831 est
1320 789 1434 831 mai-

162 869 232 906 us,
269 854 503 908 exemplis.
572 854 776 896 Tantum
813 853 939 907 quod
984 867 1079 895 non
1116 854 1317 907 cognitis
1353 854 1433 897 ille
1445 863 1486 896 31

162 919 300 962 rebus
319 919 625 972 adquieverit,
644 918 726 971 qui
744 931 839 959 non
858 917 995 960 modo
1024 919 1292 972 proximum
1320 921 1433 962 tem-

161 998 250 1038 pus
268 984 509 1037 lucemque
529 985 819 1037 praesentem
839 983 1014 1025 intueri
1034 984 1148 1026 satis
1168 984 1339 1037 credat,
1354 985 1433 1028 sed

161 1062 346 1091 omnem
402 1047 691 1102 posteritatis
735 1048 1009 1103 memoriam
1055 1049 1261 1103 spatium
1306 1050 1433 1092 vitae

160 1113 380 1155 honestae
410 1115 455 1154 et
485 1111 772 1154 curriculum
809 1112 963 1155 laudis
992 1113 1237 1157 existimet.
1307 1115 1432 1157 Hinc

160 1178 279 1219 mihi
308 1177 388 1220 ille
417 1177 626 1219 iustitiae
656 1177 854 1219 haustus
884 1177 1030 1229 bibat,
1053 1179 1163 1221 hinc
1195 1182 1432 1234 sumptam

160 1242 424 1287 libertatem
443 1243 493 1284 in
513 1243 665 1284 causis
684 1244 824 1295 atque
843 1243 1050 1286 consiliis
1069 1247 1284 1298 praestet.
1343 1245 1431 1288 Ne-

159 1321 249 1361 que
267 1308 356 1350 erit
383 1307 618 1361 perfectus
638 1309 808 1358 orator,
827 1307 919 1349 nisi
947 1308 1030 1362 qui
1057 1308 1250 1352 honeste
1279 1309 1431 1353 dicere

159 1374 207 1415 et
226 1372 339 1415 sciet
357 1374 404 1414 et
422 1371 624 1415 audebit.

646 1706 829 1746 CAPUT
859 1706 937 1746 HL

159 1832 501 1864 NEGESSARIAM
529 1831 665 1863 IURIS
694 1831 876 1863 CIVILIS
905 1832 1121 1864 ORATORI
1150 1833 1427 1868 SCIENTIAM.
1496 1842 1498 1844 ’

213 1951 298 1993 ΙΙΙ.
330 1951 392 1992 Iu
404 1950 487 1992 ris
533 1963 716 2004 quoque
763 1949 967 1992 civilis
1012 1953 1272 1995 necessaria
1317 1953 1428 1996 huic

158 2015 260 2057 viro
280 2015 473 2058 scientia
500 2017 570 2057 est
598 2018 643 2057 et
662 2028 847 2056 morum
865 2028 918 2057 ac
933 2015 1214 2069 religionum
1233 2018 1332 2060 eius
1360 2019 1428 2061 rei

157 2080 382 2134 publicae,
401 2094 542 2133 quam
562 2081 778 2133 capesset.
837 2079 958 2121 Nam
978 2081 1130 2134 qualis
1149 2095 1247 2124 esse
1267 2096 1428 2126 suasor

157 2144 208 2186 in
226 2145 430 2187 consiliis
449 2144 649 2198 publicis
679 2144 936 2198 privatisve
965 2146 1137 2199 poterit
1167 2149 1237 2188 tot
1256 2161 1427 2200 rerum,
1447 2166 1450 2169 ⁴

158 2209 327 2262 quibus
372 2209 616 2263 praecipue
663 2208 830 2250 civitas
876 2210 1153 2262 continetur,
1194 2212 1388 2265 ignarus
1409 2215 1428 2256 Ρ

159 2273 261 2327 Quo
280 2276 438 2316 autem
456 2273 593 2315 modo
613 2275 864 2326 patronum
885 2287 932 2316 se
951 2287 1198 2317 causarum
1218 2291 1312 2319 non
1341 2277 1427 2319 fal-

159 2351 208 2382 so
227 2338 411 2391 dixerit,
430 2338 525 2393 qui,
544 2337 667 2392 quod
687 2339 757 2379 est
785 2338 835 2379 in
855 2339 1006 2381 causis
1036 2341 1427 2396 potentissimum,
