1696 2638
274 172 356 213 108
489 168 609 203 INST.
642 168 849 203 ORATOR.
881 168 964 211 ΧΠ,
995 169 1026 211 3,
1061 169 1112 210 11,
1145 168 1208 210 12;
1246 169 1279 211 4,
1310 170 1340 204 1.

271 284 393 326 inter
421 282 654 336 agendum
684 296 940 335 numquam
969 283 1037 324 est
1066 281 1318 324 destitutus
1347 280 1538 324 scientia

271 348 401 399 iuris,
421 347 499 389 sed
528 347 669 389 etiam
689 359 960 400 componere
980 346 1138 399 aliqua
1157 346 1212 388 de
1231 359 1284 388 eo
1304 347 1537 400 coeperat3

271 415 325 454 ut
340 413 573 466 appareat,
592 425 723 465 posse
747 413 977 452 oratorem
996 424 1090 452 non
1109 410 1324 453 discendo
1351 411 1538 452 tantum

271 477 364 518 iuri
383 490 561 527 vacare,
582 475 661 518 sed
680 475 822 517 etiam
842 475 1055 518 docendO.
1588 525 1590 527 ,

217 548 256 581 11
352 542 530 582 Verum
550 554 616 591 ea,
636 553 753 593 quae
774 540 829 582 de
848 539 1056 581 moribus
1086 539 1346 581 excolendis
1366 538 1538 581 studio-

271 620 359 659 que
378 606 494 647 iuris
514 604 837 659 praecipimus,
851 618 909 646 ne
928 604 1032 658 quis
1052 617 1105 646 eo
1126 604 1281 646 credat
1296 603 1538 657 reprehen-

272 671 433 721 denda,
459 669 582 722 quod
601 669 773 711 multos
794 668 1110 722 cognovimus,
1136 668 1216 722 qui
1242 667 1394 709 taedio
1413 667 1538 709 labo-

271 736 350 787 ris,
365 749 501 788 quem
514 735 635 776 ferre
656 733 954 775 tendentibus
976 733 1034 775 ad
1054 732 1366 786 eloquentiam
1388 745 1538 773 neces-

272 814 318 842 se
347 802 429 850 est,
449 798 746 852 confugerint
776 798 835 839 ad
865 797 978 840 haec
1009 797 1294 839 deverticula
1324 795 1536 838 desidiae.

272 865 483 919 Quorum
502 863 585 905 alii
610 877 662 912 ,se
692 863 751 904 ad
782 862 942 904 album
973 876 1026 904 ac
1052 862 1261 903 rubricas
1291 860 1538 903 transtule-

271 931 382 970 runt
402 931 447 971 et
471 927 737 969 formularii
756 926 845 978 vel,
864 928 919 968 ut
940 926 1100 970 Cicero
1123 926 1204 977 ait,
1222 925 1411 979 leguleii
1439 925 1538 978 qui-

272 993 380 1035 dam
410 1006 506 1034 esse
532 991 813 1042 maluerunt,
836 993 1076 1043 tamquam
1095 989 1287 1031 utiliora
1317 989 1538 1042 eligentes

217 1067 259 1101 12
272 1072 325 1100 ea
361 1071 561 1111 quorum
599 1056 744 1098 solam
782 1055 1057 1097 facilitatem
1095 1054 1420 1108 sequebantur,
1456 1054 1538 1096 alii

270 1123 487 1177 pigritiae
507 1120 855 1174 arrogantioris,
875 1120 956 1173 qui
980 1120 1134 1162 subito
1162 1119 1316 1161 fronte
1345 1118 1539 1161 conficta

271 1188 569 1240 immissaque
606 1185 764 1236 barba,
798 1184 947 1226 veluti
985 1184 1299 1238 despexissent
1336 1183 1539 1225 oratoria

270 1253 527 1307 praecepta,
563 1250 758 1304 paulum
804 1249 982 1302 aliquid
1020 1249 1237 1291 sederunt
1281 1249 1331 1290 in
1369 1249 1536 1291 scholis

271 1316 668 1371 philosophorum,
687 1316 742 1356 ut
762 1314 926 1356 deinde
946 1314 996 1355 in
1015 1314 1202 1367 publico
1222 1315 1392 1366 tristes,
1412 1314 1538 1356 domi

272 1380 500 1432 dissoluti,
520 1380 760 1433 captarent
789 1379 1114 1420 auctoritatem
1135 1380 1404 1432 contemptu
1423 1381 1538 1421 cete-

271 1459 454 1497 rorum3
500 1443 795 1498 philosophia
833 1443 958 1484 enim
997 1442 1210 1485 simulari
1246 1444 1412 1498 potest,
1448 1442 1537 1485 elo-

271 1510 462 1564 quentia
480 1522 574 1551 non
591 1509 755 1563 potest.

756 1836 941 1878 CAPUT
973 1837 1047 1877 IV.

649 1961 770 1993 ITEM
798 1960 1153 1993 HISTORIARUM.

352 2080 435 2124 IV.
465 2079 521 2122 In
549 2079 713 2133 primis
732 2092 844 2126 vero
862 2079 1099 2121 abundare
1119 2079 1253 2121 debet
1272 2081 1428 2122 orator
1454 2093 1535 2122 ex·

271 2144 588 2198 emplorum
616 2144 781 2197 copia
809 2157 915 2186 cum
935 2145 1146 2185 veterum
1174 2145 1277 2185 tum
1296 2144 1436 2185 etiam
1458 2158 1536 2186 no-

272 2223 452 2261 vorum,
481 2208 594 2251 adeo
630 2210 686 2249 ut
723 2222 816 2250 non
854 2222 906 2250 ea
943 2207 1094 2259 modo,
1123 2221 1240 2260 quae
1278 2208 1536 2262 conscripta

273 2276 382 2316 sunt
409 2273 618 2315 historiis
647 2274 729 2314 aut
767 2273 1056 2314 sermonibus
1084 2271 1215 2314 velut
1251 2286 1333 2325 per
1369 2286 1536 2315 manus

271 2338 458 2388 tradita,
496 2351 703 2392 quaeque
736 2336 903 2379 cotidie
941 2338 1161 2391 aguntur,
1190 2336 1353 2379 debeat
1390 2351 1536 2389 nosse,
