1696 2638
269 198 323 240 68
510 196 630 232 INST.
663 197 869 232 ORATOR.
901 198 944 240 X,
975 200 1006 240 3,
1039 199 1168 240 31—333
1198 200 1230 242 4,
1261 200 1292 236 1,

210 311 252 345 31
349 310 438 352 Illa
468 324 650 364 quoque
670 311 852 352 minora
875 310 971 364 (sed
1001 312 1121 353 nihil
1151 312 1202 354 in
1232 312 1410 371 studiis⁴
1429 327 1525 368 par·

267 389 381 416 vum
412 375 498 434 est)
535 389 628 416 non
661 377 770 417 sunt
803 376 1108 419 transeunda:
1139 376 1320 418 scribi
1358 378 1528 432 optime

267 439 396 490 ceris,
416 439 466 480 in
497 440 666 492 quibus
698 440 925 481 facillima
955 443 1023 482 est
1053 440 1174 482 ratio
1205 440 1411 494 delendi3
1440 442 1528 484 nisi

266 504 387 546 forte
407 504 536 545 visus
562 504 790 545 infirmior
809 505 1187 546 membranarum
1217 505 1373 559 potius
1391 520 1530 548 usum

267 568 433 620 exiget,
452 582 570 621 quae
589 570 643 609 ut
663 568 829 609 iuvant
849 569 1008 620 aciem,
1027 568 1095 610 ita
1114 569 1275 611 crebra
1293 570 1529 622 relatione,

266 631 418 684 quoad
451 632 752 685 intinguitur,
783 632 950 674 calami
983 635 1227 675 morantur
1259 648 1452 676 manum
1485 637 1529 676 et

208 700 252 733 32
265 696 562 749 cogitationis
604 696 831 750 impetum
873 697 1112 750 frangunt.
1183 698 1529 752 Relinquendae

265 762 422 802 autem
452 761 503 802 in
531 761 755 803 utrolibet
793 755 958 814 genere
996 764 1157 804 contra
1187 765 1324 805 erunt
1354 777 1529 806 vacuae

264 821 475 876 tabellae,
494 825 544 866 in
575 825 745 878 quibus
765 826 912 868 libera
942 826 1182 869 adiciendo
1213 827 1274 869 sit
1305 828 1526 871 excursio.

265 893 386 934 Nam
431 893 620 935 interim
668 892 911 946 pigritiam
960 894 1235 936 emendandi
1284 896 1528 948 angustiae

264 957 445 999 faciunt
465 959 547 999 aut
579 959 700 999 certe
731 972 960 1000 novorum
990 959 1341 1012 interpositione
1370 960 1528 1013 priora

264 1022 565 1065 confundant.
624 1022 693 1064 Ne
721 1022 841 1064 latas
860 1023 1048 1076 quidem
1070 1016 1198 1065 ultra
1219 1023 1411 1065 modum
1432 1038 1527 1067 esse

263 1099 390 1128 ceras
423 1086 578 1138 velim,
610 1089 827 1140 expertus
860 1087 1091 1139 iuvenem,
1122 1087 1383 1129 studiosum
1416 1088 1526 1131 alio-

262 1150 356 1203 qui,
375 1150 650 1204 praelongos
681 1151 897 1193 habuisse
918 1165 1163 1203 sermones,
1182 1152 1294 1204 quia
1318 1152 1424 1194 illos
1443 1167 1526 1195 nu-

261 1228 389 1256 mero
427 1229 648 1257 versuum
686 1216 980 1267 metiebatur,
1011 1216 1151 1269 idque
1184 1216 1370 1268 vitium,
1402 1218 1526 1270 quod

262 1280 496 1333 frequenti
518 1280 833 1322 admonitione
854 1280 1024 1333 corrigi
1054 1294 1148 1322 non
1178 1282 1408 1334 potuerat,
1426 1295 1526 1331 mus

204 1351 248 1385 33
262 1345 373 1386 tatis
423 1345 657 1386 codicibus
707 1358 802 1387 esse
850 1345 1100 1387 sublatum.
1175 1345 1323 1387 Debet
1360 1359 1525 1388 vacare

262 1409 403 1451 etiam
436 1409 578 1460 locus,
610 1409 661 1450 in
693 1423 785 1462 quo
817 1410 1038 1451 notentur
1068 1423 1186 1462 quae
1216 1410 1525 1452 scribentibus

262 1473 410 1515 solent
441 1475 573 1515 extra
604 1473 827 1524 ordinem,
856 1473 905 1514 id
936 1474 1004 1515 est
1034 1487 1090 1515 ex
1121 1473 1240 1525 aliis,
1269 1487 1411 1527 quam
1443 1474 1524 1527 qui

261 1540 371 1580 sunt
414 1538 463 1579 in
511 1538 727 1579 manibus
775 1537 878 1589 loci,
916 1550 1165 1580 occurrere.
1241 1538 1524 1592 Inrumpunt

261 1603 385 1645 enim
423 1603 588 1656 optimi
630 1616 981 1655 nonnumquam
1019 1616 1192 1654 sensus,
1225 1616 1339 1656 quos
1376 1617 1524 1657 neque

259 1667 459 1709 inserere
493 1669 674 1721 oportet
707 1681 854 1720 neque
888 1667 1076 1709 differre
1113 1669 1271 1708 tutum
1302 1669 1383 1719 est,
1413 1668 1524 1721 quia

259 1731 449 1773 interim
469 1731 732 1782 elabuntur,
751 1731 940 1773 interim
959 1730 1208 1773 memoriae
1228 1731 1302 1773 sui
1321 1731 1524 1774 intentos

260 1796 319 1837 ab
339 1796 432 1837 alia
450 1796 720 1838 inventione
741 1795 975 1838 declinant
1005 1795 1199 1849 ideoque
1219 1795 1393 1850 optime
1412 1798 1524 1841 sunt

260 1859 311 1902 in
330 1859 549 1914 deposito.

745 2100 929 2140 CAPUT
960 2100 1035 2141 IV.

579 2214 819 2253 QUOMODO
844 2213 1204 2247 EMENDANDUM,

341 2309 422 2353 IV.
465 2309 683 2363 Sequitur
731 2309 1070 2360 emendatio,
1106 2322 1214 2362 pars
1262 2307 1523 2351 studiorum
1574 2357 1576 2359 ‚

259 2372 396 2428 longe
434 2374 708 2426 utilissima3
748 2387 895 2427 neque
927 2373 1051 2417 enim
1081 2372 1180 2417 sine
1213 2386 1352 2416 causa
1381 2372 1520 2416 credi·
