1696 2638
477 150 598 186 ms'r.
630 150 838 185 ORATOR.
869 149 953 191 XII,
986 150 1038 191 11,
1068 149 1144 184 5-9.
1366 150 1449 191 143

178 265 265 310 has
292 264 460 308 aetatis
490 264 650 306 veniat
679 262 888 314 insidias,
916 262 1122 316 receptui
1152 262 1286 304 canet
1323 262 1370 303 et
1401 259 1452 303 in

178 333 368 388 portum
385 331 571 383 integra
588 342 708 370 nave
727 328 976 382 perveniet.
1162 326 1165 332 “

259 395 421 448 Neque
441 394 566 436 enim
593 393 796 434 minores
816 406 936 443 eum,
955 405 1063 434 cum
1082 390 1132 432 id
1160 390 1338 442 fecerit,
1357 392 1452 432 stu-

179 460 364 502 diorum
401 459 586 500 fructus
624 459 974 511 prosequentur.
1032 457 1134 498 Aut
1171 455 1253 498 ille
1289 469 1452 497 monu-

178 527 336 566 menta
355 537 512 566 rerum
531 522 728 576 posteris
749 523 845 573 aut,
864 523 919 563 ut
949 521 999 563 L.
1023 520 1219 563 Crassus
1237 520 1288 561 in
1315 519 1452 562 libris

180 588 416 633 Ciceronis
469 587 687 638 destinat,
739 587 846 628 iura
903 585 1234 639 quaerentibus
1291 584 1452 627 reddet

179 656 262 696 aut
298 652 589 706 eloquentiae
635 652 880 706 componet
918 652 1068 692 artem
1109 652 1193 692 aut
1238 648 1452 704 pulcher-

178 718 312 760 rimis
341 717 467 760 vitae
497 716 754 771 praeceptis
797 715 996 769 dignum
1043 729 1094 757 os
1142 714 1286 757 dabit.
1344 714 1487 756 Fre-5

180 783 473 837 quentabunt
519 795 630 824 vero
668 781 767 824 eius
815 780 1008 822 domum
1045 779 1213 834 optimi
1259 779 1453 821 iuvenes

178 862 306 891 more
325 850 537 890 veterum
566 849 612 889 et
631 847 740 889 vere
760 845 945 889 dicendi
964 845 1093 888 viam
1111 844 1244 887 velut
1272 858 1329 886 ex
1354 857 1454 886 ora-

179 913 285 956 culo
304 914 474 968 petent.
531 912 632 954 Hos
651 911 731 954 ille
760 911 986 954 formabit
1007 911 1142 964 quasi
1162 909 1454 963 eloquentiae

179 973 359 1033 parens,
378 979 424 1019 et
442 979 497 1018 ut
516 978 652 1018 vetus
672 975 958 1029 gubernator
977 975 1118 1017 litora
1138 977 1183 1017 et
1211 976 1375 1029 portus
1395 975 1454 1025 et,

181 1056 300 1097 quae
327 1042 660 1096 tempestatum
689 1040 838 1093 signa,
858 1039 972 1094 quid
1005 1039 1219 1082 secundis
1251 1038 1455 1090 flatibus,

181 1107 295 1162 quid
323 1106 531 1149 adversis
559 1105 681 1147 ratio
708 1107 882 1159 poscat,
902 1104 1098 1155 docebit,
1118 1118 1212 1145 non
1239 1102 1455 1144 humani-

179 1173 292 1215 tatis
316 1171 467 1214 solum
495 1170 732 1213 communi
770 1169 938 1211 ductus
976 1169 1139 1220 officio,
1178 1168 1256 1210 sed
1294 1181 1452 1210 amore

180 1236 382 1291 quodam
401 1235 576 1290 operis3
604 1248 740 1277 nemo
760 1234 885 1276 enim
904 1234 1056 1275 minui
1076 1233 1192 1275 velit
1211 1232 1274 1284 id,
1293 1232 1343 1274 in
1363 1246 1455 1286 quo
1467 1242 1490 1277 6

180 1302 413 1344 maximus
445 1300 552 1343 fuit.
609 1299 735 1353 Quid
764 1312 903 1353 porro
934 1300 1003 1341 est
1035 1298 1278 1340 honestius
1310 1311 1453 1351 quam

181 1366 342 1409 docere
379 1364 504 1419 quod
541 1364 715 1418 optime
753 1364 908 1406 scias?
963 1363 1038 1407 Sic
1072 1363 1131 1405 ad
1165 1377 1212 1405 se
1244 1362 1456 1406 Caelium

181 1431 435 1474 deductum
453 1443 482 1472 a
508 1431 641 1484 patre
670 1429 831 1472 Cicero
859 1428 1118 1482 profitetur,
1147 1428 1213 1470 sic
1242 1428 1457 1479 Pansam,

99 1490 107 1496 ’
182 1497 410 1548 Hirtium,
430 1494 723 1538 Dolabellam
755 1494 806 1535 in
830 1507 1008 1536 morem
1038 1492 1351 1547 praeceptoris
1381 1506 1457 1535 ex-

182 1558 331 1605 ercuit
367 1561 536 1604 cotidie
566 1560 723 1602 dicens
756 1559 1051 1612 audiensque.
1109 1558 1180 1600 Ac
1210 1557 1366 1599 nescio
1396 1564 1492 1599 an?

182 1641 290 1670 eum
321 1628 426 1668 tum
456 1624 782 1668 beatissimum
814 1623 939 1666 credi
973 1624 1183 1677 oporteat
1217 1622 1330 1673 fore,
1349 1636 1456 1664 cum

181 1692 278 1734 iam
298 1692 500 1734 secretus
528 1691 574 1732 et
604 1690 913 1739 consecratus,
931 1687 1051 1730 liber
1080 1686 1275 1738 invidia,
1294 1686 1457 1740 procul

183 1755 558 1799 contentionibus
578 1753 756 1796 famam
775 1754 826 1795 in
853 1755 958 1795 tuto
978 1752 1216 1794 collocarit
1245 1754 1291 1794 et
1319 1751 1456 1794 senti-

183 1823 230 1864 et
248 1821 389 1863 vivus
408 1834 524 1871 eam,
544 1833 661 1872 quae
681 1820 786 1873 post
818 1818 918 1860 fata
947 1817 1176 1871 praestari
1205 1817 1358 1870 magis
1389 1830 1457 1858 so-

183 1885 262 1937 let,
281 1884 626 1928 venerationem
654 1885 713 1934 et,
732 1882 847 1936 quid
875 1882 1002 1936 apud
1029 1883 1236 1936 posteros
1265 1881 1457 1923 futurus

185 1950 261 2002 sit,
281 1950 472 1992 videbit.

267 2014 490 2058 Conscius
537 2027 641 2055 sum
686 2012 819 2064 mihi,
857 2014 1088 2066 quantum
1134 2010 1491 2058 mediocritate8

185 2080 331 2132 valui,
371 2092 580 2133 quaeque
626 2080 764 2120 antea
811 2077 1008 2128 scierim,
1047 2090 1259 2130 quaeque
1305 2076 1457 2130 operis

185 2144 379 2187 huiusce
415 2143 569 2197 gratia
605 2142 839 2197 potuerim
867 2142 1124 2195 inquirere,
1152 2140 1347 2183 candide
1382 2154 1458 2183 me

187 2211 327 2262 atque
346 2208 620 2262 simpliciter
647 2208 699 2248 in
726 2206 947 2248 notitiam
967 2219 1144 2257 eorum,
1164 2205 1205 2248 si
1233 2205 1314 2259 qui
1335 2205 1457 2248 forte

187 2287 459 2327 cognoscere
487 2272 758 2322 voluissent,
778 2270 1040 2331 protulisse.
1098 2271 1257 2324 Atque
1285 2270 1334 2311 id
1354 2270 1457 2311 viro

186 2337 309 2380 bono
354 2337 467 2380 satis
504 2339 587 2388 est,
632 2335 843 2378 docuisse
887 2334 1012 2389 quod
1058 2335 1208 2379 sciret.
1282 2335 1490 2377 Vereor9
