1696 2638
266 155 350 197 116
460 153 581 188 1Ns'r.
613 153 820 188 ORATOR.
850 153 933 196 ΧΠ,
965 155 995 196 ¹7,
1021 154 1073 197 11,
1105 155 1168 197 123
1206 156 1237 198 8,
1262 156 1292 198 1,
1322 157 1352 192 2.

264 266 377 309 haec
397 266 498 320 ipsa
517 281 655 320 opera
679 268 953 321 tempusque
974 281 1108 310 omne
1136 267 1300 310 alienis
1328 269 1528 323 negotiis

265 331 427 373 datum
475 331 749 373 facultatem
801 332 937 374 aliter
984 332 1260 385 adquirendi
1306 333 1526 376 recidant.

212 399 249 432 11
266 396 352 439 Sed
385 398 487 437 tum
520 410 701 449 quoque
734 396 960 438 tenendus
995 398 1062 438 est
1092 391 1271 447 modus,
1302 410 1354 439 ac
1384 397 1528 451 pluri-

263 474 393 501 mum
430 460 586 510 refert,
620 462 665 501 et
704 474 731 501 a
768 474 860 513 quo
898 460 1096 514 accipiat
1134 462 1179 502 et
1217 463 1445 513 quantum
1483 465 1528 503 et

231 542 238 549 ·
266 539 512 577 quousque.
570 524 838 566 Paciscendi
861 524 1049 577 quidem
1077 524 1157 567 ille
1184 525 1411 578 piraticus
1429 539 1528 567 mos

263 591 308 631 et
345 588 687 642 imponentium
717 588 936 642 periculis
967 589 1118 642 pretia
1155 589 1318 643 procul
1355 590 1528 631 abomi-

263 653 418 694 nanda
450 653 717 706 negotiatio,
737 653 878 694 etiam
909 667 936 694 a
974 653 1267 696 mediocriter
1303 654 1529 707 improbis

263 717 425 768 aberit,
449 731 555 759 cum
583 717 855 771 praesertim
884 717 1028 758 bonos
1056 717 1267 759 homines
1294 718 1529 771 bonasque

263 795 425 823 causas
444 781 596 823 tuenti
623 795 716 822 non
736 781 797 822 sit
825 781 1100 823 metuendus
1119 781 1333 835 ingratus
1349 799 1360 835 ;
1388 783 1469 835 qui
1489 783 1528 824 si

208 855 250 891 12
262 846 466 896 futurus,
485 845 608 887 malo
636 847 793 887 tamen
821 845 900 887 ille
928 848 1094 899 peccet.
1153 846 1285 887 Nihil
1314 861 1423 900 ergo
1451 847 1528 889 ad-

262 910 445 963 quirere
464 909 589 951 volet
620 911 775 950 orator
804 909 931 950 ultra
964 923 1105 962 quam
1136 910 1248 952 satis
1278 911 1380 962 erit,
1399 925 1452 953 36
1471 925 1528 954 116

261 987 439 1028 pauper
457 973 644 1026 quidem
673 975 912 1026 tamquam
940 974 1196 1016 mercedem
1222 975 1430 1029 accipiet,
1450 976 1528 1018 sed

262 1040 428 1080 mutua
464 1037 780 1080 benivolentia
814 1040 987 1089 utetur,
1020 1052 1127 1080 cum
1160 1039 1275 1081 sciat
1303 1053 1359 1082 ι86
1396 1042 1528 1082 tanto

262 1103 367 1158 plus
404 1104 699 1158 praestitisse.
774 1103 880 1144 Non
918 1103 1056 1154 enim,
1093 1103 1204 1156 quia
1236 1104 1395 1146 venire
1441 1104 1528 1146 1106

261 1168 536 1210 beneficium
556 1182 650 1210 non
678 1170 871 1222 oportet,
890 1168 1040 1222 perire
1069 1170 1261 1222 oportet.
1318 1169 1528 1222 Denique

261 1234 316 1275 ut
335 1235 497 1287 gratus
517 1233 592 1285 sit,
610 1233 669 1275 ad
689 1247 795 1275 eum
815 1233 965 1286 magis
986 1233 1201 1286 pertinet,
1220 1233 1301 1287 qui
1321 1233 1467 1276 debet.

729 1509 911 1549 CAPUT
941 1509 1060 1548 VHI.

639 1634 775 1673 QUAE
804 1634 856 1664 IN
885 1632 1153 1674 DISOENDIS.

340 1741 474 1785 VIII.
518 1741 739 1784 Proxima
785 1740 1095 1782 discendae
1141 1754 1346 1783 causae
1391 1740 1527 1792 ratio,

260 1807 383 1860 quod
413 1809 481 1848 est
513 1806 736 1848 orationis
767 1805 1137 1847 fundamentum.
1206 1805 1365 1858 Neque
1403 1805 1527 1846 enim

260 1872 506 1926 quisquam
525 1874 622 1913 tam
641 1870 830 1924 ingenio
858 1870 988 1912 tenui
1017 1869 1286 1924 reperietur,
1305 1869 1401 1923 qui,
1420 1883 1526 1911 cum

260 1937 429 1987 omnia,
449 1949 564 1989 quae
594 1937 703 1977 sunt
731 1935 782 1976 in
801 1948 952 1986 causa,
973 1934 1223 1988 diligenter
1243 1934 1526 1987 cognoverit,

260 2001 319 2043 ad
352 2001 607 2043 docendum
645 2002 766 2042 certe
804 1999 1005 2041 iudicem
1041 2013 1135 2041 non
1173 1998 1381 2041 sufficiat.
1439 1998 1526 2041 Sed

226 2075 247 2108 2
260 2066 358 2107 eius
377 2066 444 2107 rei
474 2064 766 2119 paucissimis
786 2078 897 2106 cura
917 2066 997 2106 est.
1055 2064 1177 2105 Nam
1197 2065 1252 2104 ut
1273 2064 1451 2105 taceam
1470 2063 1526 2106 de

259 2130 625 2183 neglegentibus,
663 2142 862 2182 quorum
899 2128 1020 2169 nihil
1057 2128 1214 2179 refert,
1246 2127 1330 2169 ubi
1367 2127 1525 2170 litium

260 2194 396 2236 cardo
416 2196 641 2244 vertatur,
661 2193 774 2234 dum
804 2193 897 2234 sint
931 2206 1048 2245 quae
1074 2193 1149 2234 vel
1178 2194 1310 2234 extra
1338 2205 1525 2234 causam

259 2272 316 2301 ex
342 2258 548 2312 personis
568 2259 650 2299 aut
678 2257 913 2299 communi
942 2259 1146 2298 tractatu
1173 2256 1381 2298 locorum
1401 2270 1525 2298 occa-

258 2322 435 2366 sionem
468 2321 699 2363 clamandi
735 2321 1013 2376 largiantur,
1042 2321 1222 2374 aliquos
1255 2322 1300 2362 et
1330 2320 1524 2362 ambitio
