1696 2638
271 148 358 189 114
586 146 706 180 1Ns'r.
739 146 945 180 ORATOR.
979 146 1061 188 ΧΠ,
1093 148 1123 188 7,
1155 147 1233 181 2-6.

232 262 255 297 2
271 258 425 313 Quare
462 273 610 313 neque
649 259 878 300 sociorum
916 259 1127 312 querelas
1164 273 1247 301 nec
1285 260 1423 302 amici
1460 259 1538 303 vel

267 323 518 378 propinqui
548 337 705 366 necem
725 337 808 365 nec
829 326 1075 377 erupturas
1094 324 1145 365 in
1173 337 1271 366 rem
1299 324 1537 378 publicam

267 388 631 442 conspirationes
650 388 828 430 inultas
846 388 1052 442 patietur
1067 390 1236 440 orator,
1251 403 1344 430 non
1363 403 1536 443 poenae

266 453 534 495 nocentium
568 452 779 506 cupidus,
813 452 892 494 sed
931 453 1206 494 emendandi
1240 453 1359 495 vitia
1397 453 1536 495 corri-

266 517 496 571 gendique
533 530 694 559 mores.
764 517 887 558 Nam
924 517 1006 570 qui
1043 517 1222 559 ratione
1255 517 1438 559 traduci
1476 518 1534 560 ad

231 581 458 627 3meliora
477 595 571 623 non
590 583 799 635 possunt,
816 581 912 623 solo
932 583 1060 624 metu
1077 581 1385 624 continentur.
1444 582 1535 624 Ita-

265 659 354 699 que
372 647 427 687 ut
458 645 793 687 accusatoriam
814 645 963 687 vitam
983 646 1142 688 vivere
1173 647 1218 688 et
1249 645 1308 687 ad
1328 645 1534 688 deferen-

265 709 347 752 dos
371 724 473 752 reos
502 710 709 764 praemio
741 710 862 761 duci,
882 710 1150 764 proximum
1178 710 1424 752 latrocinio
1452 713 1535 763 est,

264 774 333 816 ita
350 776 527 828 pestem
546 774 818 816 intestinam
851 773 1125 828 propulsare
1146 787 1253 816 cum
1272 787 1534 828 propugna-

264 839 445 881 toribus
482 839 662 893 patriae
691 838 1068 892 comparandum.
1127 838 1326 892 Ideoque
1363 838 1534 893 princi-

216 931 219 934 -
263 917 344 958 pes
371 903 423 945 in
450 917 499 945 re
526 903 715 957 publica
743 903 835 944 viri
873 916 966 945 non
1001 902 1376 945 detrectaverunt
1413 903 1534 946 hanc

264 967 401 1010 officii
420 970 614 1021 partem,
630 967 885 1020 creditique
906 969 1015 1009 sunt
1046 967 1187 1009 etiam
1208 967 1322 1009 clari
1342 967 1534 1010 iuvenes

264 1031 470 1074 obsidem
496 1032 563 1074 rei
583 1031 796 1085 publicae
826 1031 935 1073 dare
954 1031 1186 1073 malorum
1207 1031 1383 1073 civium
1403 1045 1534 1074 accu-

263 1097 503 1148 sationem,
522 1097 633 1150 quia
660 1110 743 1138 nec
773 1096 920 1138 odisse
948 1096 1184 1150 improbos
1213 1110 1296 1138 nec
1324 1096 1534 1139 simulta-

262 1163 331 1203 tes
364 1174 614 1215 provocare
642 1161 733 1203 nisi
754 1174 810 1202 ex
830 1161 1000 1202 fiducia
1033 1161 1179 1203 bonae
1208 1161 1378 1203 mentis
1407 1161 1533 1203 vide-

226 1225 447 1269 4bantur.
503 1226 649 1279 quue
678 1239 784 1267 cum
813 1225 872 1267 ab
902 1225 1166 1277 Hortensio,
1188 1225 1412 1277 Lucullis,
1431 1226 1532 1269 Sul-

261 1290 397 1345 picio,
434 1290 667 1341 Cicerone,
705 1289 912 1341 Caesare,
942 1289 1159 1343 plurimis
1191 1289 1309 1341 aliis,
1339 1292 1443 1331 tum
1472 1290 1532 1332 ab

261 1357 459 1409 utroque
480 1355 655 1398 Catone
674 1355 854 1396 factum
883 1357 975 1407 est3
1005 1369 1206 1408 quorum
1232 1354 1350 1398 alter
1378 1355 1531 1410 appel-

261 1418 386 1461 latus
419 1421 488 1461 est
522 1419 717 1472 sapiens,
749 1418 867 1461 alter
900 1419 991 1461 nisi
1028 1420 1233 1462 creditur
1268 1420 1426 1471 fuisse,
1449 1420 1532 1462 vix

261 1484 369 1535 scio,
388 1483 463 1525 cui
484 1483 724 1536 reliquerit
751 1483 893 1525 huius
913 1484 1115 1526 nominis
1144 1483 1310 1526 locum.
1369 1484 1530 1538 Neque

261 1548 477 1590 defendet
515 1547 665 1589 omnis
703 1549 872 1598 orator,
910 1547 1126 1601 idemque
1163 1551 1352 1602 portum
1390 1548 1528 1590 illum

260 1612 549 1666 eloquentiae
587 1625 696 1654 suae
744 1611 1001 1654 sulutarem
1043 1626 1137 1654 non
1175 1613 1316 1655 etiam
1362 1612 1529 1666 piratis

259 1677 509 1731 patefaciet
542 1676 828 1729 duceturque
866 1676 917 1718 in
945 1676 1299 1719 advocationem
1326 1677 1529 1719 maxime

225 1752 410 1787 bcausa.
468 1741 699 1795 Quoniam
727 1743 885 1783 tamen
914 1741 1078 1793 omnis,
1097 1742 1179 1795 qui
1207 1755 1301 1783 non
1320 1741 1529 1795 improbe

259 1805 529 1859 litigabunt,
548 1819 748 1859 quorum
769 1807 891 1848 certe
919 1806 1042 1848 bona
1070 1820 1178 1860 pars
1198 1808 1280 1857 est,
1302 1806 1529 1847 sustinere

259 1885 353 1913 non
371 1872 522 1925 potest
541 1884 678 1922 unus,
698 1870 876 1924 aliquid
896 1872 942 1912 et
970 1869 1401 1913 commendantium
1428 1883 1528 1923 per-

259 1935 384 1978 sonis
412 1935 542 1977 dabit
570 1937 616 1977 et
643 1935 866 1989 ipsorum,
886 1935 967 1989 qui
995 1935 1169 1977 iudicio
1197 1934 1456 1986 decernent,
1474 1935 1529 1976 ut

259 2000 425 2054 optimi
463 2000 688 2053 cuiusque
725 1999 969 2042 voluntate
1014 2001 1282 2052 moveatur3
1327 2012 1529 2052 namque

225 2064 343 2109 ahos
371 2066 417 2106 et
444 2064 749 2106 amicissimos
777 2063 968 2106 habebit
995 2064 1070 2106 vir
1102 2063 1262 2106 bonus.
1320 2063 1529 2107 Summo-

259 2129 465 2171 vendum
497 2143 606 2171 vero
639 2130 708 2171 est
745 2130 997 2182 utrumque
1030 2128 1235 2170 ambitus
1272 2142 1420 2182 genus
1452 2127 1528 2170 vel

259 2194 530 2248 potentibus
577 2195 739 2235 contra
784 2192 986 2235 humiles
1023 2192 1297 2235 venditandi
1339 2206 1528 2246 operam

261 2272 394 2301 suam
413 2258 489 2300 vel
521 2258 641 2299 illud
674 2257 817 2300 etiam
849 2257 1101 2299 iactantius
1129 2257 1332 2299 minores
1363 2257 1528 2310 utique

260 2325 421 2366 contra
450 2323 728 2375 dignitatem
756 2321 1023 2376 attollendi:
1062 2335 1155 2364 non
1182 2321 1307 2364 enim
1335 2321 1529 2364 fortuna
