1696 2638
489 168 610 203 INST.
642 167 851 202 ORATOR..
881 167 925 209 X,
957 167 987 208 1,
1017 167 1138 202 27-31.
1394 167 1452 210 33

263 282 529 325 Plurimum
557 281 671 323 dicit
710 280 882 323 oratori
914 280 1124 323 conferre
1163 279 1351 334 Theoph
1359 292 1451 321 ras·
1462 283 1508 319 2⁹7

185 350 260 390 tus
296 347 540 390 lectionem
579 347 903 400 poetarum,
931 345 1161 398 multique
1201 344 1300 386 eius
1332 343 1451 386 iudi-

183 412 308 455 cium
346 412 605 464 sequuntur
642 424 790 464 neque
826 409 1073 452 immerito.
1145 409 1358 463 Namque
1391 409 1450 451 ab

182 477 255 519 his
283 477 334 518 in
352 476 490 518 rebus
511 475 703 529 spiritus
723 477 769 516 et
797 474 847 516 in
866 474 1022 524 verbis
1042 473 1307 516 sublimitas
1327 475 1373 516 et
1400 474 1451 515 in

182 541 444 583 adfectibus
463 542 619 582 motus
639 539 790 581 omnis
810 541 855 581 et
874 539 925 580 in
953 538 1162 592 personis
1181 538 1318 580 decor
1336 538 1451 593 peti-

181 608 274 657 tur,
300 605 646 678 praecipueque
684 603 816 646 velut
852 603 1016 645 attrita
1038 635 1043 639 .
1062 602 1295 645 cotidiano
1341 605 1451 645 actu

183 670 357 712 forensi
393 669 582 723 ingenia
614 669 788 723 optime
820 682 978 710 rerum
1015 667 1184 709 talium
1221 667 1451 709 blanditia

182 737 469 789 reparantur.
527 733 727 787 Ideoque
757 733 808 777 in
844 733 932 775 hac
962 732 1159 775 lectione
1190 732 1351 776 Cicero
1383 746 1451 774 re-

181 799 511 858 quiescendum
557 800 705 852 putat.
735 786 1129 870 {Meminerimus
1166 799 1324 839 tamen
1356 805 1507 840 non28

174 866 262 919 'per
303 864 460 906 omnia
506 865 665 917 poetas
711 876 807 905 esse
845 862 1020 904 oratori
1067 861 1321 915 sequendos
1366 875 1451 904 nec

180 928 396 971 libertate
415 929 665 971 verborum
685 941 768 970 1100
717 916 976 970 &licentia
996 927 1280 981 figurarum3
1304 940 1451 980 genus

181 994 482 1036 ostentationi
510 995 845 1047 comparatum,
873 994 919 1035 et
946 994 1129 1046 praeter
1147 991 1210 1043 id,
1229 991 1354 1045 quod
1382 1005 1451 1034 so—

180 1059 275 1101 lam
294 1059 411 1113 petit
430 1058 721 1112 voluptatem
741 1071 934 1111 eamque
953 1057 1096 1100 etiam
1119 1056 1336 1110 fingendo
1356 1070 1450 1098 non

181 1123 301 1166 falsa
328 1123 480 1174 modo,
501 1123 579 1165 sed
608 1123 751 1165 etiam
779 1123 1008 1176 quaedam
1037 1121 1331 1164 incredibilia
1359 1135 1451 1164 sec-

180 1190 323 1239 tatur,
359 1187 619 1242 patrocinio
666 1201 848 1241 quoque
895 1187 1052 1240 aliquo
1098 1186 1278 1229 iuvari:
1326 1186 1451 1239 quod
1463 1195 1507 1229 29

180 1253 388 1306 adligata
407 1252 467 1294 ad
495 1254 670 1294 certam
689 1252 861 1306 pedum
879 1252 1202 1294 necessitatem
1221 1265 1316 1292 non
1336 1264 1451 1293 sem-

179 1332 261 1372 per
297 1317 371 1359 uti
417 1317 617 1371 propriis
663 1317 822 1371 possit,
861 1316 940 1359 sed
978 1316 1172 1370 depulsa
1208 1318 1335 1358 recta
1372 1316 1452 1358 via

179 1382 436 1425 necessario
485 1382 545 1424 ad
594 1381 838 1435 eloquendi
887 1382 1115 1435 quaedam
1163 1381 1452 1424 deverticula

180 1447 437 1500 confugiat,
456 1460 539 1489 1100
570 1448 753 1489 mutare
783 1446 1012 1500 quaedam
1037 1446 1175 1488 modo
1195 1446 1352 1497 verba,
1372 1446 1451 1488 sed

179 1512 437 1564 extendere,
452 1512 695 1566 corripere,
710 1513 991 1563 convertere,
1006 1511 1215 1553 dividere
1230 1513 1427 1564 cogatur
1440 1527 1451 1564 ;

179 1590 263 1618 nos
282 1590 392 1619 vero
423 1578 626 1618 armatos
657 1578 779 1618 stare
809 1576 860 1617 in
879 1576 977 1618 acie
1007 1578 1053 1618 et
1083 1575 1278 1618 summis
1298 1575 1354 1618 de
1383 1589 1451 1618 re-

180 1641 267 1682 bus
297 1641 538 1683 decernere
564 1642 610 1683 et
635 1640 694 1682 ad
713 1641 962 1683 victoriam
986 1638 1129 1697 niti]
1146 1640 1308 1694 Neque
1340 1654 1450 1694 ergo
1463 1649 1508 1684 30

179 1719 310 1748 arma
329 1705 539 1759 squalere
565 1706 660 1747 situ
691 1719 744 1748 ac
774 1706 992 1759 rubigine
1012 1705 1267 1757 velim,'sed
1298 1705 1451 1759 fulgo-

179 1784 278 1813 rem
308 1771 359 1812 in
388 1771 446 1813 iis
477 1785 573 1813 esse
603 1771 686 1824 qui
715 1773 902 1822 terreat,
922 1771 1074 1824 qualis
1105 1773 1174 1813 est
1205 1771 1332 1822 ferri,
1358 1784 1451 1824 quo

179 1849 309 1878 mens
339 1836 480 1878 simul
511 1836 732 1889 visusque
768 1836 1145 1890 praestringitur,
1174 1849 1270 1878 non
1299 1835 1451 1889 qualis
1526 1835 1528 1837 ’

178 1901 283 1942 auri
306 1901 594 1954 argentique,
612 1900 815 1943 imbellis
835 1903 881 1943 et
910 1901 1068 1954 potius
1087 1900 1280 1943 habenti
1305 1901 1450 1955 peric-

178 1964 350 2007 ulosus.

261 2030 531 2072 Historia
567 2043 751 2084 quoque
799 2029 920 2072 alere
969 2032 1200 2072 oratorem
1248 2030 1450 2084 quodam
1463 2042 1503 2076 31

179 2094 313 2137 uberi
341 2095 636 2148 iucundoque
656 2108 766 2137 suco
796 2096 962 2148 potest,
987 2108 1152 2136 verum
1178 2096 1224 2137 et
1254 2095 1355 2149 ipsa
1384 2095 1450 2137 sic

179 2162 249 2202 est
280 2159 490 2213 legenda,
522 2162 577 2202 ut
611 2160 812 2202 sciamus
842 2159 1086 2213 plerasque
1119 2160 1219 2202 eius
1249 2161 1450 2202 virtutes

181 2225 354 2266 oratori
384 2238 481 2267 esse
500 2224 729 2266 vitandas.
787 2224 874 2266 Est
903 2224 1028 2267 enim
1058 2224 1273 2278 proxima
1302 2225 1450 2278 poetis

180 2290 226 2330 et
244 2286 585 2342 quodammodo
615 2302 802 2331 carmen
832 2287 1054 2340 solutum,
1073 2290 1119 2331 et
1149 2289 1371 2331 scribitur
1390 2288 1449 2330 ad

179 2353 467 2395 narrandum
496 2367 590 2395 non
619 2353 679 2395 ad
715 2353 1023 2407 probandum,
1055 2356 1300 2408 totumque
1333 2367 1449 2408 opus

371 2419 392 2451 3
