1696 2638
608 547 658 584 M.
691 547 831 583 FABII
864 547 989 592 QUIN
991 547 1183 584 TILIANI

259 646 936 698 INSTITUTIONIS
1002 647 1523 699 ORATORIAE

637 764 788 799 LIBER,
819 765 1149 801 DUODECIMUS.

338 894 554 945 QUALIS
587 896 627 936 A
662 896 907 938 SOHOLIS
942 897 1168 938 DIMISSI
1202 896 1443 938 DEBEAT

558 971 850 1013 ORATORIS
889 972 1029 1014 ESSE
1067 972 1224 1014 VITA.

729 1221 1038 1253 PROOEMIUM.

331 1315 550 1359 VENTUM
570 1318 639 1359 est
659 1316 717 1358 ad
746 1318 925 1370 partem
954 1317 1103 1370 operis
1132 1316 1352 1359 destinati
1378 1315 1517 1371 longe

252 1381 589 1434 gravissimam.
666 1380 812 1423 Cuius
850 1380 1063 1434 equidem
1100 1394 1217 1422 onus
1255 1381 1294 1422 si
1330 1383 1516 1423 tantum

252 1445 465 1499 opinione
495 1445 647 1498 prima
678 1444 915 1498 concipere
945 1445 1212 1498 potuissem,
1238 1447 1412 1498 quanto
1442 1459 1516 1488 me

251 1510 398 1563 premi
427 1510 579 1551 ferens
600 1509 761 1560 sentio,
781 1509 1013 1550 maturius
1042 1509 1374 1551 consuluissem
1393 1509 1516 1552 vires

250 1588 387 1617 meas.
445 1574 532 1617 Sed
551 1574 687 1616 initio
707 1574 857 1627 pudor
876 1574 1133 1625 omittendi,
1154 1587 1270 1626 quae
1298 1574 1516 1627 promise-

251 1653 365 1690 ram,
383 1639 559 1691 tenuit;
587 1653 709 1690 mox,
729 1652 1012 1692 quamquam
1040 1652 1122 1692 per
1145 1638 1354 1691 singulas
1373 1652 1515 1692 prope

250 1714 396 1768 partis
433 1714 564 1756 labor
602 1716 835 1765 cresceret,
874 1728 931 1756 ne
976 1714 1228 1768 perderem,
1265 1727 1383 1767 quae
1419 1715 1514 1756 iam

251 1779 414 1821 effecta
451 1781 596 1830 erant,
628 1793 710 1833 per
743 1779 894 1820 omnis
927 1778 1221 1820 difficultates
1254 1778 1409 1820 animo
1441 1793 1515 1821 me

216 1861 237 1894 2
251 1844 520 1886 sustentavi.
596 1843 748 1897 Quare
800 1857 924 1885 nunc
971 1856 1166 1896 quoque,
1212 1842 1320 1884 licet
1365 1842 1515 1884 maior

251 1922 391 1961 quam
410 1922 634 1961 umquam
653 1907 797 1949 moles
816 1910 1010 1961 premat,
1030 1909 1186 1949 tamen
1213 1906 1514 1960 prospicienti

250 1972 389 2014 finem
421 1972 539 2014 mihi
571 1972 877 2014 constitutum
916 1974 984 2014 est
1018 1971 1093 2014 vel
1130 1971 1321 2013 deficere
1358 1971 1514 2025 potius

250 2050 389 2090 quam
409 2037 660 2090 desperare.
717 2036 906 2078 Fefellit
935 2038 1104 2088 autem,
1124 2035 1248 2089 quod
1275 2035 1466 2077 initium
1485 2049 1514 2077 a

250 2102 408 2156 parvis
446 2114 734 2155 ceperamus3
780 2114 888 2142 mox
925 2100 1055 2142 velut
1101 2113 1216 2142 aura
1253 2099 1513 2142 solicitante

250 2166 457 2220 provecti
486 2165 686 2218 longius,
706 2165 818 2207 dum
850 2167 1007 2207 tamen
1026 2167 1137 2207 nota
1166 2164 1250 2207 illa
1279 2166 1325 2207 et
1354 2163 1513 2218 pleris-

251 2243 338 2282 que
376 2230 549 2271 artium
591 2229 894 2283 scriptoribus
940 2230 1141 2271 tractata
1186 2228 1513 2283 praecipimus,

250 2307 333 2336 nec
363 2293 514 2335 adhuc
548 2307 575 2334 a
606 2293 742 2335 litore
774 2293 936 2347 procul
956 2293 1230 2335 videbamur
1263 2295 1308 2335 et
1340 2292 1512 2334 multos

250 2358 372 2402 circa
390 2358 520 2401 velut
549 2357 715 2399 iisdem
746 2371 793 2399 se
806 2357 964 2399 ”ventis
998 2357 1180 2399 credere
1209 2371 1345 2400 ausos
1374 2357 1512 2399 habe·

1688 1830 1696 1896 1.

1688 1900 1696 1953 i
