1696 2638
249 176 334 218 112
555 174 676 209 msr.
708 175 916 209 ORATOR.
947 174 1029 216 ΧΠ,
1062 175 1091 217 6,
1119 174 1194 210 4-6.

249 301 422 339 sumus,
442 290 500 339 et,
521 288 633 329 dum
653 287 974 339 deliberamus,
994 287 1179 341 quando
1199 287 1516 342 incipiendum

249 353 323 404 sit,
360 352 562 406 incipere
609 353 703 394 iam
752 366 906 394 serum
953 354 1032 395 est.
1108 351 1260 405 Quare
1307 352 1516 394 fructum

249 417 512 459 studiorum
532 417 732 459 viridem
752 418 797 459 et
817 416 969 458 adhuc
990 416 1173 458 dulcem
1201 417 1353 470 promi
1373 416 1516 468 decet,

249 481 362 523 dum
381 484 426 524 et
446 481 609 523 veniae
629 495 730 535 spes
750 483 818 523 est
844 483 889 523 et
917 483 1109 535 paratus
1129 481 1264 523 favor
1283 482 1329 522 et
1349 480 1516 523 audere

248 560 342 588 non
369 546 568 597 dedecet,
589 547 647 597 et,
669 546 707 587 si
729 545 843 599 quid
863 545 982 587 desit
1011 545 1152 600 operi,
1172 544 1356 598 supplet
1377 546 1517 596 361338,

249 612 307 661 613,
328 611 367 652 81
397 624 489 663 qua
509 612 618 652 sunt
648 610 773 652 dicta
803 609 1084 661 iuveniliter,
1103 623 1187 663 pro
1218 609 1372 651 indole
1402 609 1517 651 acci-

213 674 470 729 4piuntur;
498 676 552 716 ut
571 676 697 716 totus
717 674 796 717 ille
818 674 1052 718 Ciceronis
1080 688 1164 728 pro
1185 674 1322 717 Sexto
1351 674 1517 716 Roscio

248 738 399 781 locus:
447 739 585 792 quid
642 739 792 781 enim
838 741 953 780 tam
1004 752 1297 780 commune
1352 752 1517 791 quam

249 803 499 857 spiritus
528 803 697 854 vivis,
723 805 882 845 terra
909 803 1169 854 mortuis,
1196 815 1347 844 mare
1376 801 1518 844 fluc-

248 867 570 919 tuantibus,
598 867 744 909 litus
772 868 1017 910 eiectis?
1073 867 1201 920 Quae
1230 880 1336 908 cum
1365 880 1444 909 sex
1472 868 1518 909 613

248 932 421 986 viginti
449 934 588 974 natus
609 946 753 974 annos
782 932 976 974 summis
996 931 1288 973 audientium
1308 930 1518 973 clamori-

247 996 336 1039 bus
364 997 548 1048 dixerit,
577 996 828 1039 defervisse
851 998 1070 1050 tempore,
1091 997 1136 1037 et
1164 995 1298 1037 annis
1325 995 1518 1049 liquata,

247 1061 343 1103 iam
363 1061 515 1102 senior
540 1060 664 1103 idem
693 1061 880 1103 fatetur.
938 1061 1001 1102 Et
1028 1059 1216 1102 hercule
1235 1059 1518 1112 quantumli-

247 1125 326 1168 bet
346 1127 520 1167 secreta
540 1125 696 1167 studia
716 1124 1012 1176 contulerint,
1032 1126 1100 1166 est
1120 1126 1276 1166 tamen
1301 1124 1518 1178 proprius

248 1189 439 1243 quidam
458 1189 550 1232 fori
569 1189 818 1244 profectus,
838 1189 930 1231 3113
948 1189 1045 1240 lux,
1060 1188 1154 1230 alia
1172 1188 1272 1230 veri
1292 1188 1518 1230 discrimi-

248 1255 322 1296 nis
350 1255 517 1307 facies3
545 1254 756 1308 plusque,
776 1254 814 1296 si
840 1267 1035 1307 separes,
1054 1266 1167 1295 usus
1187 1252 1285 1295 sine
1305 1252 1518 1295 doctrina

215 1331 236 1366 5
249 1333 389 1373 quam
420 1319 538 1361 citra
568 1332 707 1361 usum
738 1318 950 1360 doctrina
980 1317 1117 1360 valet.
1176 1317 1376 1370 Ideoque
1406 1331 1518 1359 non-

249 1383 383 1434 nulli,
402 1397 531 1426 senes
550 1384 601 1424 in
627 1382 784 1425 schola
813 1383 941 1434 facti,
961 1383 1150 1436 stupent
1169 1381 1392 1433 novitate,
1411 1395 1519 1423 cum

249 1448 300 1490 in
329 1448 505 1490 iudicia
524 1450 767 1499 venerunt,
787 1449 833 1490 et
864 1447 1021 1489 omnia
1051 1446 1148 1488 suis
1178 1446 1519 1488 exercitationi-

248 1511 337 1554 bus
357 1511 531 1554 similia
550 1511 826 1554 desiderant.
883 1512 951 1553 At
970 1511 1068 1552 illic
1089 1512 1134 1553 et
1153 1510 1295 1552 iudex
1322 1512 1445 1552 tacet
1473 1512 1519 1553 et

249 1576 545 1619 adversarius
591 1576 818 1630 obstrepit
866 1578 911 1618 et
957 1575 1079 1617 nihil
1125 1577 1296 1617 temere
1338 1575 1519 1617 dictum

248 1642 384 1696 perit,
404 1644 462 1693 et,
482 1641 521 1683 si
541 1641 655 1695 quid
683 1641 772 1683 tibi
800 1641 897 1695 ipse
927 1653 1096 1691 sumas,
1115 1639 1409 1693 probandum
1436 1641 1519 1691 est,

250 1707 296 1748 et
332 1706 593 1748 laboratam
631 1707 989 1759 congestamque
1019 1704 1201 1746 dierum
1229 1717 1282 1745 ac
1310 1703 1519 1746 noctium

251 1771 405 1813 studio
439 1771 668 1813 actionem
698 1783 820 1823 aqua
857 1769 1026 1821 deficit,
1059 1771 1104 1811 et
1141 1768 1311 1811 omisso
1347 1782 1520 1822 magna

251 1849 429 1889 semper
467 1835 610 1877 flandi
647 1837 829 1876 tumore
866 1834 917 1875 in
954 1833 1234 1887 quibusdam
1267 1833 1418 1875 causis
1455 1832 1519 1875 lo-

250 1900 488 1954 quendum
525 1902 593 1942 est
610 1916 620 1951 ;
662 1899 786 1953 quod
823 1898 895 1940 illi
929 1898 1091 1941 diserti
1124 1898 1316 1940 minime
1350 1898 1518 1940 sciunt.

219 1967 239 2002 6
253 1965 416 2018 Itaque
435 1964 684 2006 nonnullos
716 1963 930 2018 reperias,
950 1964 1031 2016 qui
1062 1963 1151 2005 sibi
1183 1962 1520 2016 eloquentiores

252 2029 514 2081 videantur,
542 2043 684 2083 quam
716 2030 770 2070 ut
801 2041 962 2070 causas
1003 2028 1157 2081 agant.
1215 2026 1434 2070 Ceterum
1466 2026 1520 2068 11-

251 2094 365 2146 lum,
403 2108 540 2148 quem
577 2095 795 2136 iuvenem
841 2092 1102 2146 tenerisque
1149 2091 1301 2134 adhuc
1338 2091 1520 2133 viribus

252 2159 479 2200 nitentem
525 2158 575 2199 in
621 2158 778 2199 forum
825 2156 1115 2207 deduximus,
1153 2158 1199 2198 et
1244 2155 1447 2209 incipere
1492 2168 1521 2196 a

247 2237 395 2277 quam
422 2222 623 2264 maxime
661 2221 791 2263 facili
825 2235 878 2263 36
912 2220 1164 2263 favorabili
1193 2233 1334 2262 causa
1362 2218 1520 2270 velim,

253 2287 460 2330 ferarum
479 2289 533 2328 ut
554 2286 697 2328 catuli
726 2285 937 2327 molliore
964 2284 1138 2339 praeda
1166 2284 1455 2338 saginantur,
1475 2284 1521 2325 et

253 2366 348 2394 non
378 2351 542 2405 utique
576 2351 634 2392 ab
664 2351 752 2392 hoc
781 2350 919 2392 initio
950 2349 1221 2392 continuare
1254 2361 1442 2402 operam
1474 2348 1520 2389 et
