1696 2638
261 203 319 246 46
574 201 695 237 INST.
727 201 933 236 ORATOR.
966 201 1009 243 X,
1042 202 1071 243 1,
1102 202 1221 237 90-93.

263 314 513 357 ostendunt
532 316 577 356 et
597 314 919 356 admirabilem
939 314 1184 368 praecipue
1204 311 1254 355 in
1274 316 1424 357 aetate
1443 313 1527 357 illa

206 384 251 419 90
262 379 374 421 recti
407 379 589 433 generis
620 379 921 421 voluntatem.
980 378 1186 420 Multum
1215 378 1266 419 in
1288 378 1527 421 Valerio

262 443 470 486 Flacco
501 457 650 497 nuper
688 442 941 485 amisimus.
1008 442 1270 484 Vehemens
1303 444 1348 484 et
1384 443 1524 496 poeti-

262 522 369 550 cum
405 508 647 562 ingenium
688 507 869 550 Saleii
898 507 1064 549 Bassi
1107 506 1215 557 fuit,
1251 520 1334 548 nec
1372 507 1527 561 ipsum

262 575 495 615 senectute
532 572 773 614 maturuit.
841 571 1120 613 Rabirius
1149 584 1209 613 ac
1248 571 1397 613 Pedo
1433 585 1527 613 non

261 637 445 691 indigni
479 637 756 690 cognitione,
785 636 821 678 si
853 638 997 680 vacet.
1055 637 1322 678 Lucanus
1362 636 1527 678 ardens

262 704 307 744 et
337 702 594 744 concitatus
624 703 670 743 et
701 701 942 743 sententiis
973 701 1258 743 clarissimus
1289 702 1347 752 et,
1377 702 1430 742 ut
1461 700 1527 742 di-

261 780 363 809 cam
393 766 512 820 quod
546 766 708 817 sentio,
737 766 888 819 magis
919 765 1180 807 oratoribus
1210 779 1350 818 quam
1380 765 1527 818 poetis

206 838 247 873 91
261 831 527 874 imitandus.
599 831 698 872 Hos
736 830 1098 880 nominavimus,
1132 830 1242 883 quia
1285 829 1527 872 Germani*

261 910 367 938 cum
387 897 659 948 Augustum
678 895 737 936 ab
757 895 988 937 institutis
1009 894 1176 936 studiis
1205 894 1395 947 deflexit·
1414 908 1527 936 cura

260 962 505 1011 terrarum,
548 972 804 1013 parumque
852 958 923 1000 dis
969 958 1124 1000 visum
1171 959 1240 1000 est
1286 971 1382 1000 esse
1419 972 1527 1000 eum

260 1025 519 1067 maximum
547 1026 799 1078 poetarum.
858 1023 979 1077 Quid
1009 1025 1166 1064 tamen
1193 1022 1268 1064 his
1286 1023 1399 1076 ipsis
1428 1023 1526 1065 eius

261 1090 490 1144 operibus,
510 1090 560 1131 in
588 1103 718 1142 quae,
747 1089 917 1130 donato
945 1088 1155 1142 imperio,
1174 1088 1358 1130 iuvenis
1387 1101 1526 1130 seces-

261 1157 396 1213 serat,
430 1154 689 1205 sublimius,
723 1154 918 1205 doctius,
952 1153 1169 1195 omnibus
1207 1153 1405 1206 denique
1442 1167 1526 1194 nu-

260 1220 400 1262 meris
437 1218 786 1273 praestantius?
860 1218 975 1272 Quis
1013 1217 1136 1260 enim
1175 1220 1359 1259 caneret
1404 1217 1527 1259 bella

260 1283 428 1325 melius
452 1297 592 1336 quam
620 1282 701 1336 qui
731 1282 796 1324 sic
826 1282 983 1335 gerit?
1038 1281 1186 1335 Quem
1215 1281 1526 1335 praesidentes

261 1348 429 1390 studiis
458 1348 567 1389 deae
596 1347 787 1401 propius
815 1347 1067 1389 audirent?
1122 1346 1210 1389 Cui
1239 1346 1390 1399 magis
1419 1360 1526 1388 suas

205 1424 248 1459 92
260 1413 375 1455 artis
395 1412 594 1466 aperiret
614 1412 846 1453 familiare
865 1425 1039 1453 numen
1059 1411 1306 1454 Minerva?
1360 1411 1526 1453 Dicent

260 1478 372 1520 haec
405 1477 587 1531 plenius
620 1477 784 1518 futura
819 1476 1014 1527 saecula,
1046 1489 1171 1518 nunc
1204 1476 1329 1518 enim
1359 1477 1525 1518 cetera-

260 1556 367 1584 rum
404 1541 588 1594 fulgore
621 1541 854 1583 virtutum
887 1540 989 1582 laus
1022 1540 1113 1581 ista
1149 1540 1524 1594 praestringitur.

261 1607 358 1649 Nos
385 1608 541 1648 tamen
571 1619 699 1647 sacra
726 1605 991 1647 litterarum
1021 1604 1214 1646 colentis
1252 1604 1388 1655 feras,
1417 1604 1526 1648 an-

261 1685 349 1722 sar,
369 1671 408 1713 si
426 1685 520 1712 non
539 1670 735 1712 tacitum
754 1670 841 1712 hoc
860 1669 1167 1724 praeterimus
1188 1670 1234 1711 et
1252 1668 1526 1722 Vergiliano

261 1738 382 1779 certe
401 1750 540 1778 versu
558 1737 809 1778 testamur:

260 1843 416 1885 inter
472 1842 751 1884 victrices
805 1841 1073 1884 hederam
1128 1840 1243 1883 tibi
1297 1853 1526 1895 serpere

340 1907 553 1949 laurus.
940 1916 941 1919 ’

203 2000 249 2037 93
341 1995 381 2037 E
391 1994 409 2036 1
419 2008 442 2036 e
452 1994 509 2048 gi
519 2008 546 2036 a
587 2007 768 2047 quoque
807 1993 1006 2037 Graecos
1043 2005 1361 2047 provocamus,
1391 1991 1525 2034 cuius

260 2059 378 2102 mihi
397 2060 547 2101 tersus
567 2061 704 2112 atque
729 2058 914 2112 elegans
933 2058 1134 2100 maxime
1153 2057 1340 2099 videtur
1360 2058 1523 2098 auctor

261 2123 544 2166 Tibullus.
621 2124 738 2166 Sunt
791 2123 871 2176 qui
919 2121 1292 2176 Propertium
1341 2121 1522 2164 malint.

262 2189 301 2232 Ο
311 2203 343 2231 v
352 2189 368 2230 i
379 2188 474 2230 diu
488 2202 509 2230 s
528 2190 724 2240 utroque
742 2187 974 2237 lascivior,
987 2187 1106 2228 sicut
1126 2186 1286 2227 durior
1301 2185 1346 2229 G
1355 2185 1408 2227 al
1420 2184 1479 2226 lu
1488 2199 1522 2228 s.

342 2253 371 2296 S
382 2267 409 2295 a
418 2255 438 2294 t
447 2267 480 2294 u
489 2266 513 2294 r
523 2266 550 2293 a
569 2252 756 2305 quidem
775 2253 874 2293 tota
888 2253 1047 2293 nostra
1066 2253 1153 2302 est,¹
1162 2251 1213 2292 in
1232 2243 1327 2304 qua
1342 2250 1523 2304 primus

259 2316 491 2376 insignem
509 2316 695 2358 laudem
716 2315 910 2369 adeptus
931 2315 969 2357 L
979 2315 1164 2357 uciliu
1176 2329 1197 2357 s
1216 2314 1440 2368 quosdam
1455 2314 1494 2361 it

259 2381 439 2426 deditos
470 2381 559 2423 sibi
590 2381 742 2423 adhuc
771 2380 912 2422 habet
942 2381 1184 2430 amatores,
1212 2381 1266 2421 ut
1295 2328 1523 2475 eu&
