<?xml version="1.0" encoding="UTF-8"?>
<!DOCTYPE html PUBLIC "-//W3C//DTD XHTML 1.0 Transitional//EN"
    "http://www.w3.org/TR/xhtml1/DTD/xhtml1-transitional.dtd">
<html xmlns="http://www.w3.org/1999/xhtml" xml:lang="en" lang="en">
 <head>
  <title>
</title>
<meta http-equiv="Content-Type" content="text/html;charset=utf-8" />
  <meta name='ocr-system' content='tesseract 3.04.00' />
  <meta name='ocr-capabilities' content='ocr_page ocr_carea ocr_par ocr_line ocrx_word'/>
</head>
<body>
  <div class='ocr_page' id='page_1' title='image "./tenthtwelfthbook00quinuoft_0080.png"; bbox 0 0 1696 2638; ppageno 0'>
   <div class='ocr_carea' id='block_1_1' title="bbox 278 193 1214 241">
    <p class='ocr_par' dir='ltr' id='par_1_1' title="bbox 278 193 1214 241">
     <span class='ocr_line' id='line_1_1' title="bbox 278 193 1214 241; baseline 0.001 -12"><span class='ocrx_word' id='word_1_1' title='bbox 278 196 334 241; x_wconf 75' lang='lat'>76</span> <span class='ocrx_word' id='word_1_2' title='bbox 611 193 734 231; x_wconf 75' lang='lat' dir='ltr'>msr.</span> <span class='ocrx_word' id='word_1_3' title='bbox 764 193 972 230; x_wconf 80' lang='lat' dir='ltr'><strong>ORATOR.</strong></span> <span class='ocrx_word' id='word_1_4' title='bbox 1001 193 1045 238; x_wconf 82' lang='lat' dir='ltr'>x,</span> <span class='ocrx_word' id='word_1_5' title='bbox 1077 196 1109 238; x_wconf 87' lang='lat'>6,</span> <span class='ocrx_word' id='word_1_6' title='bbox 1138 194 1214 230; x_wconf 79' lang='lat'><strong>2-6.</strong></span> 
     </span>
    </p>
   </div>
   <div class='ocr_carea' id='block_1_2' title="bbox 245 306 1546 2039">
    <p class='ocr_par' dir='ltr' id='par_1_2' title="bbox 245 306 1545 673">
     <span class='ocr_line' id='line_1_2' title="bbox 245 306 1545 362; baseline -0.002 -11"><span class='ocrx_word' id='word_1_7' title='bbox 245 308 439 362; x_wconf 83' lang='lat' dir='ltr'>2Neque</span> <span class='ocrx_word' id='word_1_8' title='bbox 471 322 582 351; x_wconf 83' lang='lat' dir='ltr'>vero</span> <span class='ocrx_word' id='word_1_9' title='bbox 612 322 768 351; x_wconf 87' lang='lat' dir='ltr'>rerum</span> <span class='ocrx_word' id='word_1_10' title='bbox 802 308 1012 350; x_wconf 82' lang='lat' dir='ltr'>ordinem</span> <span class='ocrx_word' id='word_1_11' title='bbox 1044 307 1196 359; x_wconf 91' lang='lat' dir='ltr'>modo,</span> <span class='ocrx_word' id='word_1_12' title='bbox 1229 306 1353 361; x_wconf 75' lang='lat' dir='ltr'>quod</span> <span class='ocrx_word' id='word_1_13' title='bbox 1391 307 1545 362; x_wconf 82' lang='lat' dir='ltr'>ipsum</span> 
     </span>
     <span class='ocr_line' id='line_1_3' title="bbox 279 372 1543 427; baseline 0.002 -12"><span class='ocrx_word' id='word_1_14' title='bbox 279 374 391 415; x_wconf 90' lang='lat' dir='ltr'>satis</span> <span class='ocrx_word' id='word_1_15' title='bbox 411 375 524 424; x_wconf 89' lang='lat' dir='ltr'>erat,</span> <span class='ocrx_word' id='word_1_16' title='bbox 543 373 669 414; x_wconf 89' lang='lat' dir='ltr'>intra</span> <span class='ocrx_word' id='word_1_17' title='bbox 697 386 744 415; x_wconf 91' lang='lat' dir='ltr'>se</span> <span class='ocrx_word' id='word_1_18' title='bbox 773 373 875 426; x_wconf 90' lang='lat' dir='ltr'>ipsa</span> <span class='ocrx_word' id='word_1_19' title='bbox 904 373 1123 427; x_wconf 89' lang='lat' dir='ltr'>disponit,</span> <span class='ocrx_word' id='word_1_20' title='bbox 1144 372 1222 414; x_wconf 91' lang='lat' dir='ltr'>sed</span> <span class='ocrx_word' id='word_1_21' title='bbox 1241 372 1384 414; x_wconf 76' lang='lat' dir='ltr'>verba</span> <span class='ocrx_word' id='word_1_22' title='bbox 1403 372 1543 417; x_wconf 89' lang='lat' dir='ltr'>etiam</span> 
     </span>
     <span class='ocr_line' id='line_1_4' title="bbox 279 436 1541 491; baseline -0.001 -12"><span class='ocrx_word' id='word_1_23' title='bbox 279 436 466 491; x_wconf 92' lang='lat' dir='ltr'>copulat</span> <span class='ocrx_word' id='word_1_24' title='bbox 504 439 743 490; x_wconf 88' lang='lat' dir='ltr'>totamque</span> <span class='ocrx_word' id='word_1_25' title='bbox 780 437 848 479; x_wconf 89' lang='lat' dir='ltr'>ita</span> <span class='ocrx_word' id='word_1_26' title='bbox 878 438 1083 479; x_wconf 73' lang='lat' dir='ltr'>contexit</span> <span class='ocrx_word' id='word_1_27' title='bbox 1114 437 1386 488; x_wconf 89' lang='lat' dir='ltr'>orationem,</span> <span class='ocrx_word' id='word_1_28' title='bbox 1414 438 1470 478; x_wconf 88' lang='lat' dir='ltr'>ut</span> <span class='ocrx_word' id='word_1_29' title='bbox 1502 436 1541 483; x_wconf 87' lang='lat' dir='ltr'>ei</span> 
     </span>
     <span class='ocr_line' id='line_1_5' title="bbox 279 501 1540 556; baseline -0.001 -13"><span class='ocrx_word' id='word_1_30' title='bbox 279 501 398 544; x_wconf 85' lang='lat' dir='ltr'>nihil</span> <span class='ocrx_word' id='word_1_31' title='bbox 429 504 610 556; x_wconf 88' lang='lat' dir='ltr'>praeter</span> <span class='ocrx_word' id='word_1_32' title='bbox 628 516 821 543; x_wconf 89' lang='lat' dir='ltr'>manum</span> <span class='ocrx_word' id='word_1_33' title='bbox 841 502 960 544; x_wconf 90' lang='lat' dir='ltr'>desit</span> <span class='ocrx_word' id='word_1_34' title='bbox 973 519 983 555; x_wconf 85' lang='lat'><em>3</em></span> <span class='ocrx_word' id='word_1_35' title='bbox 1013 516 1123 543; x_wconf 92' lang='lat' dir='ltr'>nam</span> <span class='ocrx_word' id='word_1_36' title='bbox 1153 501 1402 544; x_wconf 82' lang='lat' dir='ltr'>memoriae</span> <span class='ocrx_word' id='word_1_37' title='bbox 1435 514 1540 554; x_wconf 44' lang='lat' dir='ltr'>quo*</span> 
     </span>
     <span class='ocr_line' id='line_1_6' title="bbox 280 560 1538 620; baseline 0 -13"><span class='ocrx_word' id='word_1_38' title='bbox 280 580 369 619; x_wconf 91' lang='lat' dir='ltr'>que</span> <span class='ocrx_word' id='word_1_39' title='bbox 409 560 686 620; x_wconf 54' lang='lat' dir='ltr'>&#39;plerumque</span> <span class='ocrx_word' id='word_1_40' title='bbox 733 566 976 608; x_wconf 71' lang='lat' dir='ltr'>inhaerent</span> <span class='ocrx_word' id='word_1_41' title='bbox 1023 565 1219 618; x_wconf 90' lang='lat' dir='ltr'>fidelius,</span> <span class='ocrx_word' id='word_1_42' title='bbox 1257 579 1374 619; x_wconf 89' lang='lat' dir='ltr'>quae</span> <span class='ocrx_word' id='word_1_43' title='bbox 1414 565 1538 607; x_wconf 68' lang='lat' dir='ltr'>nulla</span> 
     </span>
     <span class='ocr_line' id='line_1_7' title="bbox 280 630 1028 673; baseline 0 -1"><span class='ocrx_word' id='word_1_44' title='bbox 280 630 510 672; x_wconf 87' lang='lat' dir='ltr'>scribendi</span> <span class='ocrx_word' id='word_1_45' title='bbox 531 630 777 672; x_wconf 70' lang='lat' dir='ltr'>securitate</span> <span class='ocrx_word' id='word_1_46' title='bbox 797 630 1028 673; x_wconf 89' lang='lat' dir='ltr'>laxantur.</span> 
     </span>
    </p>

    <p class='ocr_par' dir='ltr' id='par_1_3' title="bbox 245 694 1546 1843">
     <span class='ocr_line' id='line_1_8' title="bbox 360 694 1544 749; baseline -0.003 -12"><span class='ocrx_word' id='word_1_47' title='bbox 360 694 448 737; x_wconf 84' lang='lat' dir='ltr'>Sed</span> <span class='ocrx_word' id='word_1_48' title='bbox 468 708 524 736; x_wconf 90' lang='lat' dir='ltr'>ne</span> <span class='ocrx_word' id='word_1_49' title='bbox 544 695 603 736; x_wconf 91' lang='lat' dir='ltr'>ad</span> <span class='ocrx_word' id='word_1_50' title='bbox 632 694 752 737; x_wconf 91' lang='lat' dir='ltr'>hanc</span> <span class='ocrx_word' id='word_1_51' title='bbox 784 694 971 748; x_wconf 91' lang='lat' dir='ltr'>quidem</span> <span class='ocrx_word' id='word_1_52' title='bbox 991 695 1090 737; x_wconf 83' lang='lat' dir='ltr'>vim</span> <span class='ocrx_word' id='word_1_53' title='bbox 1120 694 1357 748; x_wconf 88' lang='lat' dir='ltr'>cogitandi</span> <span class='ocrx_word' id='word_1_54' title='bbox 1387 707 1544 749; x_wconf 55' lang='lat' dir='ltr'>perve„</span> 
     </span>
     <span class='ocr_line' id='line_1_9' title="bbox 245 759 1545 813; baseline 0 -13"><span class='ocrx_word' id='word_1_55' title='bbox 245 759 372 800; x_wconf 85' lang='lat' dir='ltr'>3niri</span> <span class='ocrx_word' id='word_1_56' title='bbox 409 761 560 813; x_wconf 90' lang='lat' dir='ltr'>potest</span> <span class='ocrx_word' id='word_1_57' title='bbox 593 761 675 801; x_wconf 88' lang='lat' dir='ltr'>aut</span> <span class='ocrx_word' id='word_1_58' title='bbox 709 759 865 801; x_wconf 90' lang='lat' dir='ltr'>subito</span> <span class='ocrx_word' id='word_1_59' title='bbox 898 761 981 801; x_wconf 89' lang='lat' dir='ltr'>aut</span> <span class='ocrx_word' id='word_1_60' title='bbox 1019 759 1122 802; x_wconf 91' lang='lat' dir='ltr'>cito.</span> <span class='ocrx_word' id='word_1_61' title='bbox 1180 759 1303 801; x_wconf 91' lang='lat' dir='ltr'>Nam</span> <span class='ocrx_word' id='word_1_62' title='bbox 1339 759 1545 813; x_wconf 89' lang='lat' dir='ltr'>primum</span> 
     </span>
     <span class='ocr_line' id='line_1_10' title="bbox 279 823 1546 877; baseline 0 -12"><span class='ocrx_word' id='word_1_63' title='bbox 279 823 493 865; x_wconf 84' lang='lat' dir='ltr'>facienda</span> <span class='ocrx_word' id='word_1_64' title='bbox 522 824 671 866; x_wconf 91' lang='lat' dir='ltr'>multo</span> <span class='ocrx_word' id='word_1_65' title='bbox 703 823 810 866; x_wconf 91' lang='lat' dir='ltr'>stilo</span> <span class='ocrx_word' id='word_1_66' title='bbox 849 824 1001 866; x_wconf 87' lang='lat' dir='ltr'>forma</span> <span class='ocrx_word' id='word_1_67' title='bbox 1031 825 1113 875; x_wconf 90' lang='lat' dir='ltr'>est,</span> <span class='ocrx_word' id='word_1_68' title='bbox 1143 837 1260 877; x_wconf 92' lang='lat' dir='ltr'>quae</span> <span class='ocrx_word' id='word_1_69' title='bbox 1290 836 1374 865; x_wconf 90' lang='lat' dir='ltr'>nos</span> <span class='ocrx_word' id='word_1_70' title='bbox 1404 823 1546 865; x_wconf 87' lang='lat' dir='ltr'>etiam</span> 
     </span>
     <span class='ocr_line' id='line_1_11' title="bbox 280 888 1546 942; baseline 0 -12"><span class='ocrx_word' id='word_1_71' title='bbox 280 888 529 941; x_wconf 80' lang='lat' dir='ltr'>cogitantis</span> <span class='ocrx_word' id='word_1_72' title='bbox 556 890 800 942; x_wconf 84' lang='lat' dir='ltr'>sequatur3</span> <span class='ocrx_word' id='word_1_73' title='bbox 829 890 932 930; x_wconf 92' lang='lat' dir='ltr'>tum</span> <span class='ocrx_word' id='word_1_74' title='bbox 961 888 1273 930; x_wconf 88' lang='lat' dir='ltr'>adsumendus</span> <span class='ocrx_word' id='word_1_75' title='bbox 1292 901 1406 930; x_wconf 90' lang='lat' dir='ltr'>usus</span> <span class='ocrx_word' id='word_1_76' title='bbox 1433 902 1546 942; x_wconf 89' lang='lat' dir='ltr'>pau-</span> 
     </span>
     <span class='ocr_line' id='line_1_12' title="bbox 279 952 1546 1007; baseline 0 -13"><span class='ocrx_word' id='word_1_77' title='bbox 279 952 427 1004; x_wconf 88' lang='lat' dir='ltr'>latim,</span> <span class='ocrx_word' id='word_1_78' title='bbox 459 955 514 994; x_wconf 94' lang='lat' dir='ltr'>ut</span> <span class='ocrx_word' id='word_1_79' title='bbox 551 966 700 1006; x_wconf 90' lang='lat' dir='ltr'>pauca</span> <span class='ocrx_word' id='word_1_80' title='bbox 737 953 943 1006; x_wconf 90' lang='lat' dir='ltr'>primum</span> <span class='ocrx_word' id='word_1_81' title='bbox 982 952 1343 1007; x_wconf 84' lang='lat' dir='ltr'>complectamur</span> <span class='ocrx_word' id='word_1_82' title='bbox 1375 953 1546 1004; x_wconf 89' lang='lat' dir='ltr'>animo,</span> 
     </span>
     <span class='ocr_line' id='line_1_13' title="bbox 280 1016 1546 1071; baseline 0.001 -13"><span class='ocrx_word' id='word_1_83' title='bbox 280 1030 397 1070; x_wconf 90' lang='lat' dir='ltr'>quae</span> <span class='ocrx_word' id='word_1_84' title='bbox 418 1016 547 1058; x_wconf 86' lang='lat' dir='ltr'>reddi</span> <span class='ocrx_word' id='word_1_85' title='bbox 567 1017 765 1059; x_wconf 87' lang='lat' dir='ltr'>fideliter</span> <span class='ocrx_word' id='word_1_86' title='bbox 793 1017 971 1071; x_wconf 83' lang='lat' dir='ltr'>possint</span> <span class='ocrx_word' id='word_1_87' title='bbox 984 1033 995 1070; x_wconf 92' lang='lat'>;</span> <span class='ocrx_word' id='word_1_88' title='bbox 1023 1031 1132 1059; x_wconf 93' lang='lat' dir='ltr'>mox</span> <span class='ocrx_word' id='word_1_89' title='bbox 1159 1031 1241 1071; x_wconf 90' lang='lat' dir='ltr'>per</span> <span class='ocrx_word' id='word_1_90' title='bbox 1261 1017 1546 1059; x_wconf 85' lang='lat' dir='ltr'>incrementa</span> 
     </span>
     <span class='ocr_line' id='line_1_14' title="bbox 279 1081 1546 1134; baseline 0.001 -11"><span class='ocrx_word' id='word_1_91' title='bbox 279 1083 377 1123; x_wconf 87' lang='lat' dir='ltr'>tam</span> <span class='ocrx_word' id='word_1_92' title='bbox 396 1081 589 1133; x_wconf 91' lang='lat' dir='ltr'>modica,</span> <span class='ocrx_word' id='word_1_93' title='bbox 608 1083 663 1123; x_wconf 93' lang='lat' dir='ltr'>ut</span> <span class='ocrx_word' id='word_1_94' title='bbox 684 1082 865 1124; x_wconf 87' lang='lat' dir='ltr'>onerari</span> <span class='ocrx_word' id='word_1_95' title='bbox 879 1096 882 1100; x_wconf 79' lang='grc'>’</span> <span class='ocrx_word' id='word_1_96' title='bbox 895 1095 942 1124; x_wconf 89' lang='lat' dir='ltr'>se</span> <span class='ocrx_word' id='word_1_97' title='bbox 970 1082 1102 1124; x_wconf 88' lang='lat' dir='ltr'>labor</span> <span class='ocrx_word' id='word_1_98' title='bbox 1129 1082 1210 1124; x_wconf 86' lang='lat' dir='ltr'>ille</span> <span class='ocrx_word' id='word_1_99' title='bbox 1238 1095 1331 1124; x_wconf 90' lang='lat' dir='ltr'>non</span> <span class='ocrx_word' id='word_1_100' title='bbox 1362 1082 1546 1134; x_wconf 89' lang='lat' dir='ltr'>sentiat,</span> 
     </span>
     <span class='ocr_line' id='line_1_15' title="bbox 279 1145 1546 1199; baseline 0.001 -12"><span class='ocrx_word' id='word_1_101' title='bbox 279 1146 492 1199; x_wconf 85' lang='lat' dir='ltr'>augenda</span> <span class='ocrx_word' id='word_1_102' title='bbox 527 1146 600 1188; x_wconf 87' lang='lat' dir='ltr'>vis</span> <span class='ocrx_word' id='word_1_103' title='bbox 638 1148 683 1188; x_wconf 86' lang='lat' dir='ltr'>et</span> <span class='ocrx_word' id='word_1_104' title='bbox 721 1146 1049 1188; x_wconf 86' lang='lat' dir='ltr'>exercitatione</span> <span class='ocrx_word' id='word_1_105' title='bbox 1082 1145 1234 1189; x_wconf 78' lang='lat' dir='ltr'>multa</span> <span class='ocrx_word' id='word_1_106' title='bbox 1267 1146 1546 1188; x_wconf 84' lang='lat' dir='ltr'>continenda</span> 
     </span>
     <span class='ocr_line' id='line_1_16' title="bbox 280 1210 1545 1265; baseline 0 -13"><span class='ocrx_word' id='word_1_107' title='bbox 280 1212 362 1261; x_wconf 87' lang='lat' dir='ltr'>est,</span> <span class='ocrx_word' id='word_1_108' title='bbox 382 1223 499 1263; x_wconf 90' lang='lat' dir='ltr'>quae</span> <span class='ocrx_word' id='word_1_109' title='bbox 519 1210 707 1263; x_wconf 91' lang='lat' dir='ltr'>quidem</span> <span class='ocrx_word' id='word_1_110' title='bbox 730 1211 935 1253; x_wconf 90' lang='lat' dir='ltr'>maxima</span> <span class='ocrx_word' id='word_1_111' title='bbox 955 1225 1010 1253; x_wconf 89' lang='lat' dir='ltr'>ex</span> <span class='ocrx_word' id='word_1_112' title='bbox 1038 1213 1170 1265; x_wconf 88' lang='lat' dir='ltr'>parte</span> <span class='ocrx_word' id='word_1_113' title='bbox 1199 1210 1421 1253; x_wconf 87' lang='lat' dir='ltr'>memoria</span> <span class='ocrx_word' id='word_1_114' title='bbox 1441 1224 1545 1253; x_wconf 92' lang='lat' dir='ltr'>con-</span> 
     </span>
     <span class='ocr_line' id='line_1_17' title="bbox 280 1274 1545 1329; baseline 0.002 -14"><span class='ocrx_word' id='word_1_115' title='bbox 280 1276 373 1315; x_wconf 91' lang='lat' dir='ltr'>stat</span> <span class='ocrx_word' id='word_1_116' title='bbox 386 1290 396 1327; x_wconf 85' lang='lat'><em>3</em></span> <span class='ocrx_word' id='word_1_117' title='bbox 424 1274 619 1328; x_wconf 90' lang='lat' dir='ltr'>ideoque</span> <span class='ocrx_word' id='word_1_118' title='bbox 649 1275 807 1329; x_wconf 93' lang='lat' dir='ltr'>aliqua</span> <span class='ocrx_word' id='word_1_119' title='bbox 836 1275 954 1317; x_wconf 90' lang='lat' dir='ltr'>mihi</span> <span class='ocrx_word' id='word_1_120' title='bbox 983 1276 1035 1318; x_wconf 92' lang='lat' dir='ltr'>in</span> <span class='ocrx_word' id='word_1_121' title='bbox 1064 1276 1200 1322; x_wconf 79' lang='lat' dir='ltr'>illum</span> <span class='ocrx_word' id='word_1_122' title='bbox 1229 1276 1384 1318; x_wconf 93' lang='lat' dir='ltr'>locum</span> <span class='ocrx_word' id='word_1_123' title='bbox 1414 1276 1545 1318; x_wconf 86' lang='lat' dir='ltr'>diffe-</span> 
     </span>
     <span class='ocr_line' id='line_1_18' title="bbox 245 1338 1545 1395; baseline 0.002 -16"><span class='ocrx_word' id='word_1_124' title='bbox 245 1338 422 1380; x_wconf 87' lang='lat' dir='ltr'>4renda</span> <span class='ocrx_word' id='word_1_125' title='bbox 454 1340 574 1382; x_wconf 88' lang='lat' dir='ltr'>sunt.</span> <span class='ocrx_word' id='word_1_126' title='bbox 632 1339 702 1381; x_wconf 86' lang='lat' dir='ltr'>Eo</span> <span class='ocrx_word' id='word_1_127' title='bbox 734 1342 891 1382; x_wconf 88' lang='lat' dir='ltr'>tamen</span> <span class='ocrx_word' id='word_1_128' title='bbox 921 1341 1147 1395; x_wconf 81' lang='lat' dir='ltr'>pervenit,</span> <span class='ocrx_word' id='word_1_129' title='bbox 1176 1343 1231 1382; x_wconf 92' lang='lat' dir='ltr'>ut</span> <span class='ocrx_word' id='word_1_130' title='bbox 1260 1340 1313 1392; x_wconf 91' lang='lat' dir='ltr'>is,</span> <span class='ocrx_word' id='word_1_131' title='bbox 1346 1340 1422 1383; x_wconf 92' lang='lat' dir='ltr'>cui</span> <span class='ocrx_word' id='word_1_132' title='bbox 1451 1354 1545 1382; x_wconf 91' lang='lat' dir='ltr'>non</span> 
     </span>
     <span class='ocr_line' id='line_1_19' title="bbox 278 1403 1544 1458; baseline 0.002 -14"><span class='ocrx_word' id='word_1_133' title='bbox 278 1403 542 1456; x_wconf 81' lang='lat' dir='ltr'>refragetur</span> <span class='ocrx_word' id='word_1_134' title='bbox 569 1404 824 1458; x_wconf 87' lang='lat' dir='ltr'>ingenium,</span> <span class='ocrx_word' id='word_1_135' title='bbox 844 1406 939 1448; x_wconf 91' lang='lat' dir='ltr'>acri</span> <span class='ocrx_word' id='word_1_136' title='bbox 969 1406 1123 1448; x_wconf 93' lang='lat' dir='ltr'>studio</span> <span class='ocrx_word' id='word_1_137' title='bbox 1152 1405 1340 1447; x_wconf 90' lang='lat' dir='ltr'>adiutus</span> <span class='ocrx_word' id='word_1_138' title='bbox 1358 1407 1544 1448; x_wconf 90' lang='lat' dir='ltr'>tantum</span> 
     </span>
     <span class='ocr_line' id='line_1_20' title="bbox 279 1470 1545 1525; baseline 0.003 -16"><span class='ocrx_word' id='word_1_139' title='bbox 279 1470 602 1521; x_wconf 85' lang='lat' dir='ltr'>consequatur,</span> <span class='ocrx_word' id='word_1_140' title='bbox 622 1471 675 1511; x_wconf 91' lang='lat' dir='ltr'>ut</span> <span class='ocrx_word' id='word_1_141' title='bbox 696 1470 738 1512; x_wconf 94' lang='lat' dir='ltr'>ei</span> <span class='ocrx_word' id='word_1_142' title='bbox 765 1472 864 1512; x_wconf 89' lang='lat' dir='ltr'>tam</span> <span class='ocrx_word' id='word_1_143' title='bbox 884 1485 1001 1524; x_wconf 88' lang='lat' dir='ltr'>quae</span> <span class='ocrx_word' id='word_1_144' title='bbox 1021 1471 1239 1525; x_wconf 85' lang='lat' dir='ltr'>cogitarit</span> <span class='ocrx_word' id='word_1_145' title='bbox 1267 1485 1407 1524; x_wconf 89' lang='lat' dir='ltr'>quam</span> <span class='ocrx_word' id='word_1_146' title='bbox 1427 1484 1545 1524; x_wconf 86' lang='lat' dir='ltr'>quae</span> 
     </span>
     <span class='ocr_line' id='line_1_21' title="bbox 279 1532 1544 1587; baseline 0.004 -14"><span class='ocrx_word' id='word_1_147' title='bbox 279 1532 513 1586; x_wconf 82' lang='lat' dir='ltr'>scripserit</span> <span class='ocrx_word' id='word_1_148' title='bbox 542 1535 682 1587; x_wconf 91' lang='lat' dir='ltr'>atque</span> <span class='ocrx_word' id='word_1_149' title='bbox 713 1535 952 1578; x_wconf 89' lang='lat' dir='ltr'>edidicerit</span> <span class='ocrx_word' id='word_1_150' title='bbox 984 1536 1034 1577; x_wconf 88' lang='lat' dir='ltr'>in</span> <span class='ocrx_word' id='word_1_151' title='bbox 1065 1535 1257 1578; x_wconf 90' lang='lat' dir='ltr'>dicendo</span> <span class='ocrx_word' id='word_1_152' title='bbox 1287 1535 1424 1578; x_wconf 88' lang='lat' dir='ltr'>fidem</span> <span class='ocrx_word' id='word_1_153' title='bbox 1454 1549 1544 1578; x_wconf 89' lang='lat' dir='ltr'>ser-</span> 
     </span>
     <span class='ocr_line' id='line_1_22' title="bbox 279 1597 1544 1654; baseline 0.004 -16"><span class='ocrx_word' id='word_1_154' title='bbox 279 1599 402 1639; x_wconf 90' lang='lat' dir='ltr'>vent.</span> <span class='ocrx_word' id='word_1_155' title='bbox 452 1597 612 1640; x_wconf 82' lang='lat' dir='ltr'>Cicero</span> <span class='ocrx_word' id='word_1_156' title='bbox 633 1601 754 1641; x_wconf 88' lang='lat' dir='ltr'>certe</span> <span class='ocrx_word' id='word_1_157' title='bbox 775 1600 1060 1643; x_wconf 81' lang='lat' dir='ltr'>Graecorum</span> <span class='ocrx_word' id='word_1_158' title='bbox 1080 1600 1397 1642; x_wconf 87' lang='lat' dir='ltr'>Metrodorum</span> <span class='ocrx_word' id='word_1_159' title='bbox 1413 1600 1544 1654; x_wconf 88' lang='lat' dir='ltr'>Scep-</span> 
     </span>
     <span class='ocr_line' id='line_1_23' title="bbox 281 1661 1544 1718; baseline 0.003 -16"><span class='ocrx_word' id='word_1_160' title='bbox 281 1661 403 1703; x_wconf 91' lang='lat' dir='ltr'>sium</span> <span class='ocrx_word' id='word_1_161' title='bbox 423 1663 468 1703; x_wconf 93' lang='lat' dir='ltr'>et</span> <span class='ocrx_word' id='word_1_162' title='bbox 489 1663 743 1717; x_wconf 86' lang='lat' dir='ltr'>Empylum</span> <span class='ocrx_word' id='word_1_163' title='bbox 772 1664 1009 1706; x_wconf 89' lang='lat' dir='ltr'>Rhodium</span> <span class='ocrx_word' id='word_1_164' title='bbox 1038 1666 1395 1718; x_wconf 89' lang='lat' dir='ltr'>nostrorumque</span> <span class='ocrx_word' id='word_1_165' title='bbox 1425 1665 1544 1706; x_wconf 92' lang='lat' dir='ltr'>Hor-</span> 
     </span>
     <span class='ocr_line' id='line_1_24' title="bbox 279 1726 1544 1783; baseline 0.004 -17"><span class='ocrx_word' id='word_1_166' title='bbox 279 1726 481 1767; x_wconf 89' lang='lat' dir='ltr'>tensium</span> <span class='ocrx_word' id='word_1_167' title='bbox 511 1727 719 1779; x_wconf 91' lang='lat' dir='ltr'>tradidit,</span> <span class='ocrx_word' id='word_1_168' title='bbox 752 1742 869 1782; x_wconf 91' lang='lat' dir='ltr'>quae</span> <span class='ocrx_word' id='word_1_169' title='bbox 899 1729 1233 1783; x_wconf 84' lang='lat' dir='ltr'>cogitaverant,</span> <span class='ocrx_word' id='word_1_170' title='bbox 1263 1729 1322 1771; x_wconf 93' lang='lat' dir='ltr'>ad</span> <span class='ocrx_word' id='word_1_171' title='bbox 1348 1729 1544 1771; x_wconf 89' lang='lat' dir='ltr'>verbum</span> 
     </span>
     <span class='ocr_line' id='line_1_25' title="bbox 279 1789 793 1843; baseline 0.01 -12"><span class='ocrx_word' id='word_1_172' title='bbox 279 1789 330 1831; x_wconf 93' lang='lat' dir='ltr'>in</span> <span class='ocrx_word' id='word_1_173' title='bbox 350 1791 528 1843; x_wconf 88' lang='lat' dir='ltr'>agendo</span> <span class='ocrx_word' id='word_1_174' title='bbox 548 1792 793 1836; x_wconf 85' lang='lat' dir='ltr'>rettulisse.</span> 
     </span>
    </p>

    <p class='ocr_par' dir='ltr' id='par_1_4' title="bbox 279 1855 1544 2039">
     <span class='ocr_line' id='line_1_26' title="bbox 361 1855 1544 1911; baseline 0.001 -13"><span class='ocrx_word' id='word_1_175' title='bbox 361 1855 448 1898; x_wconf 85' lang='lat' dir='ltr'>Sed</span> <span class='ocrx_word' id='word_1_176' title='bbox 461 1856 507 1897; x_wconf 63' lang='lat' dir='ltr'>⁴si</span> <span class='ocrx_word' id='word_1_177' title='bbox 536 1856 657 1899; x_wconf 87' lang='lat' dir='ltr'>forte</span> <span class='ocrx_word' id='word_1_178' title='bbox 687 1857 856 1911; x_wconf 87' lang='lat' dir='ltr'>aliquis</span> <span class='ocrx_word' id='word_1_179' title='bbox 886 1858 1008 1900; x_wconf 89' lang='lat' dir='ltr'>inter</span> <span class='ocrx_word' id='word_1_180' title='bbox 1038 1857 1284 1900; x_wconf 90' lang='lat' dir='ltr'>dicendum</span> <span class='ocrx_word' id='word_1_181' title='bbox 1315 1857 1544 1900; x_wconf 85' lang='lat' dir='ltr'>offulserit</span> 
     </span>
     <span class='ocr_line' id='line_1_27' title="bbox 280 1920 1543 1976; baseline 0.001 -15"><span class='ocrx_word' id='word_1_182' title='bbox 280 1920 605 1975; x_wconf 87' lang='lat' dir='ltr'>extemporalis</span> <span class='ocrx_word' id='word_1_183' title='bbox 626 1921 762 1973; x_wconf 88' lang='lat' dir='ltr'>color,</span> <span class='ocrx_word' id='word_1_184' title='bbox 782 1936 876 1963; x_wconf 88' lang='lat' dir='ltr'>non</span> <span class='ocrx_word' id='word_1_185' title='bbox 895 1922 1213 1976; x_wconf 88' lang='lat' dir='ltr'>superstitiose</span> <span class='ocrx_word' id='word_1_186' title='bbox 1236 1921 1450 1974; x_wconf 88' lang='lat' dir='ltr'>cogitatis</span> <span class='ocrx_word' id='word_1_187' title='bbox 1470 1920 1543 1962; x_wconf 90' lang='lat' dir='ltr'>de-</span> 
     </span>
     <span class='ocr_line' id='line_1_28' title="bbox 279 1984 1543 2039; baseline 0.002 -14"><span class='ocrx_word' id='word_1_188' title='bbox 279 1997 410 2025; x_wconf 93' lang='lat' dir='ltr'>mum</span> <span class='ocrx_word' id='word_1_189' title='bbox 430 1986 497 2026; x_wconf 89' lang='lat' dir='ltr'>est</span> <span class='ocrx_word' id='word_1_190' title='bbox 517 1984 864 2029; x_wconf 86' lang='lat' dir='ltr'>inhaerendum.</span> <span class='ocrx_word' id='word_1_191' title='bbox 922 1986 1082 2039; x_wconf 90' lang='lat' dir='ltr'>Neque</span> <span class='ocrx_word' id='word_1_192' title='bbox 1103 1986 1225 2028; x_wconf 88' lang='lat' dir='ltr'>enim</span> <span class='ocrx_word' id='word_1_193' title='bbox 1255 1987 1440 2027; x_wconf 89' lang='lat' dir='ltr'>tantum</span> <span class='ocrx_word' id='word_1_194' title='bbox 1464 1985 1543 2027; x_wconf 87' lang='lat' dir='ltr'>ha-</span> 
     </span>
    </p>
   </div>
   <div class='ocr_carea' id='block_1_3' title="bbox 199 2047 1545 2100">
    <p class='ocr_par' dir='ltr' id='par_1_5' title="bbox 199 2047 1545 2100">
     <span class='ocr_line' id='line_1_29' title="bbox 199 2047 1545 2100; baseline 0.001 -11"><span class='ocrx_word' id='word_1_195' title='bbox 199 2075 214 2089; x_wconf 82' lang='lat'><strong>.</strong></span> <span class='ocrx_word' id='word_1_196' title='bbox 279 2047 390 2089; x_wconf 89' lang='lat' dir='ltr'>bent</span> <span class='ocrx_word' id='word_1_197' title='bbox 411 2062 562 2100; x_wconf 87' lang='lat' dir='ltr'>curae,</span> <span class='ocrx_word' id='word_1_198' title='bbox 580 2051 636 2090; x_wconf 92' lang='lat' dir='ltr'>ut</span> <span class='ocrx_word' id='word_1_199' title='bbox 664 2063 757 2091; x_wconf 90' lang='lat' dir='ltr'>non</span> <span class='ocrx_word' id='word_1_200' title='bbox 786 2050 847 2092; x_wconf 90' lang='lat' dir='ltr'>sit</span> <span class='ocrx_word' id='word_1_201' title='bbox 875 2050 1055 2092; x_wconf 85' lang='lat' dir='ltr'>dandus</span> <span class='ocrx_word' id='word_1_202' title='bbox 1086 2052 1132 2092; x_wconf 93' lang='lat' dir='ltr'>et</span> <span class='ocrx_word' id='word_1_203' title='bbox 1160 2050 1375 2092; x_wconf 84' lang='lat' dir='ltr'>fortunae</span> <span class='ocrx_word' id='word_1_204' title='bbox 1401 2049 1545 2100; x_wconf 91' lang='lat' dir='ltr'>locus,</span> 
     </span>
    </p>
   </div>
   <div class='ocr_carea' id='block_1_4' title="bbox 245 2113 1546 2425">
    <p class='ocr_par' dir='ltr' id='par_1_6' title="bbox 245 2113 1546 2425">
     <span class='ocr_line' id='line_1_30' title="bbox 280 2113 1546 2168; baseline 0.002 -15"><span class='ocrx_word' id='word_1_205' title='bbox 280 2125 386 2154; x_wconf 88' lang='lat' dir='ltr'>cum</span> <span class='ocrx_word' id='word_1_206' title='bbox 406 2126 538 2166; x_wconf 87' lang='lat' dir='ltr'>saepe</span> <span class='ocrx_word' id='word_1_207' title='bbox 558 2113 699 2155; x_wconf 91' lang='lat' dir='ltr'>etiam</span> <span class='ocrx_word' id='word_1_208' title='bbox 719 2114 902 2168; x_wconf 90' lang='lat' dir='ltr'>scriptis</span> <span class='ocrx_word' id='word_1_209' title='bbox 922 2129 975 2157; x_wconf 91' lang='lat' dir='ltr'>ea</span> <span class='ocrx_word' id='word_1_210' title='bbox 995 2128 1111 2168; x_wconf 88' lang='lat' dir='ltr'>quae</span> <span class='ocrx_word' id='word_1_211' title='bbox 1132 2114 1285 2156; x_wconf 91' lang='lat' dir='ltr'>subito</span> <span class='ocrx_word' id='word_1_212' title='bbox 1304 2116 1415 2156; x_wconf 87' lang='lat' dir='ltr'>nata</span> <span class='ocrx_word' id='word_1_213' title='bbox 1433 2114 1546 2156; x_wconf 88' lang='lat' dir='ltr'>sunt</span> 
     </span>
     <span class='ocr_line' id='line_1_31' title="bbox 278 2175 1546 2231; baseline 0.002 -14"><span class='ocrx_word' id='word_1_214' title='bbox 278 2175 554 2220; x_wconf 87' lang='lat' dir='ltr'>inserantur.</span> <span class='ocrx_word' id='word_1_215' title='bbox 630 2178 829 2231; x_wconf 89' lang='lat' dir='ltr'>Ideoque</span> <span class='ocrx_word' id='word_1_216' title='bbox 874 2181 1027 2221; x_wconf 92' lang='lat' dir='ltr'>totum</span> <span class='ocrx_word' id='word_1_217' title='bbox 1072 2178 1159 2220; x_wconf 89' lang='lat' dir='ltr'>hoc</span> <span class='ocrx_word' id='word_1_218' title='bbox 1200 2178 1546 2220; x_wconf 88' lang='lat' dir='ltr'>exercitationis</span> 
     </span>
     <span class='ocr_line' id='line_1_32' title="bbox 279 2241 1545 2296; baseline 0.002 -15"><span class='ocrx_word' id='word_1_219' title='bbox 279 2254 426 2293; x_wconf 89' lang='lat' dir='ltr'>genus</span> <span class='ocrx_word' id='word_1_220' title='bbox 455 2241 522 2282; x_wconf 90' lang='lat' dir='ltr'>ita</span> <span class='ocrx_word' id='word_1_221' title='bbox 540 2241 881 2284; x_wconf 88' lang='lat' dir='ltr'>instituendum</span> <span class='ocrx_word' id='word_1_222' title='bbox 902 2245 983 2294; x_wconf 91' lang='lat' dir='ltr'>est,</span> <span class='ocrx_word' id='word_1_223' title='bbox 1002 2245 1056 2284; x_wconf 92' lang='lat' dir='ltr'>ut</span> <span class='ocrx_word' id='word_1_224' title='bbox 1085 2245 1131 2285; x_wconf 92' lang='lat' dir='ltr'>et</span> <span class='ocrx_word' id='word_1_225' title='bbox 1150 2242 1331 2296; x_wconf 89' lang='lat' dir='ltr'>digredi</span> <span class='ocrx_word' id='word_1_226' title='bbox 1351 2256 1407 2285; x_wconf 92' lang='lat' dir='ltr'>ex</span> <span class='ocrx_word' id='word_1_227' title='bbox 1426 2257 1478 2285; x_wconf 92' lang='lat' dir='ltr'>eo</span> <span class='ocrx_word' id='word_1_228' title='bbox 1498 2244 1545 2285; x_wconf 85' lang='lat' dir='ltr'>et</span> 
     </span>
     <span class='ocr_line' id='line_1_33' title="bbox 245 2300 1544 2361; baseline 0.001 -14"><span class='ocrx_word' id='word_1_229' title='bbox 245 2300 459 2357; x_wconf 78' lang='lat' dir='ltr'>6regredi</span> <span class='ocrx_word' id='word_1_230' title='bbox 488 2305 537 2346; x_wconf 90' lang='lat' dir='ltr'>in</span> <span class='ocrx_word' id='word_1_231' title='bbox 566 2305 613 2346; x_wconf 89' lang='lat' dir='ltr'>id</span> <span class='ocrx_word' id='word_1_232' title='bbox 639 2306 775 2348; x_wconf 79' lang='lat' dir='ltr'>facile</span> <span class='ocrx_word' id='word_1_233' title='bbox 805 2307 1045 2360; x_wconf 81' lang='lat' dir='ltr'>possimus.</span> <span class='ocrx_word' id='word_1_234' title='bbox 1103 2307 1224 2349; x_wconf 88' lang='lat' dir='ltr'>Nam</span> <span class='ocrx_word' id='word_1_235' title='bbox 1254 2309 1309 2348; x_wconf 92' lang='lat' dir='ltr'>ut</span> <span class='ocrx_word' id='word_1_236' title='bbox 1338 2307 1544 2361; x_wconf 89' lang='lat' dir='ltr'>primum</span> 
     </span>
     <span class='ocr_line' id='line_1_34' title="bbox 278 2368 1544 2425; baseline 0.002 -14"><span class='ocrx_word' id='word_1_237' title='bbox 278 2370 348 2411; x_wconf 88' lang='lat' dir='ltr'>est</span> <span class='ocrx_word' id='word_1_238' title='bbox 367 2368 503 2410; x_wconf 91' lang='lat' dir='ltr'>domo</span> <span class='ocrx_word' id='word_1_239' title='bbox 523 2369 705 2412; x_wconf 82' lang='lat' dir='ltr'>adferre</span> <span class='ocrx_word' id='word_1_240' title='bbox 733 2373 946 2425; x_wconf 88' lang='lat' dir='ltr'>paratam</span> <span class='ocrx_word' id='word_1_241' title='bbox 965 2371 1147 2413; x_wconf 91' lang='lat' dir='ltr'>dicendi</span> <span class='ocrx_word' id='word_1_242' title='bbox 1176 2371 1357 2424; x_wconf 90' lang='lat' dir='ltr'>copiam</span> <span class='ocrx_word' id='word_1_243' title='bbox 1376 2373 1422 2414; x_wconf 88' lang='lat' dir='ltr'>et</span> <span class='ocrx_word' id='word_1_244' title='bbox 1450 2384 1544 2414; x_wconf 89' lang='lat' dir='ltr'>cer-</span> 
     </span>
    </p>
   </div>
  </div>
 </body>
</html>
