1696 2638
250 189 335 231 100
541 187 661 223 1Ns'r.
694 188 901 222 ORATOR.
933 188 1016 230 XII,
1048 190 1079 230 2,
1110 189 1206 223 9—12.

248 300 341 343 tiae
359 315 453 343 non
481 301 575 343 iam
603 301 654 342 in
673 303 780 343 actu
811 315 894 343 suo
926 303 1064 354 atque
1092 301 1143 342 in
1170 301 1257 343 1130
1287 301 1379 343 fori
1410 300 1513 344 luce

248 367 507 417 versantur,
537 366 614 408 sed
651 366 701 407 in
738 366 944 419 porticus
973 367 1018 407 et
1054 365 1105 406 in
1143 365 1386 419 gymnasia
1422 367 1514 420 pri-

247 443 391 481 mum,
421 444 529 472 mox
558 430 608 471 in
639 432 894 472 conventus
925 429 1187 471 scholarum
1216 433 1514 482 recesserunt,

247 494 310 546 id,
338 494 461 548 quod
489 496 557 536 est
595 494 767 536 oratori
805 495 1114 536 necessarium
1150 508 1233 536 nec
1271 508 1299 536 a
1331 494 1513 536 dicendi

247 559 621 613 praeceptoribus
658 559 874 610 traditur,
908 559 966 600 ab
1003 559 1062 600 iis
1099 561 1252 612 petere
1289 559 1514 600 nimirum

247 637 427 666 necesse
447 626 529 675 est,
544 624 668 677 apud
683 637 798 677 quos
818 623 1049 681 remansit.
1109 623 1368 665 Evolvendi
1388 623 1513 677 peni-

247 690 325 730 tus
343 690 553 730 auctores
568 689 649 741 qui
665 688 719 730 de
734 688 910 741 virtute
930 688 1235 741 praecipiunt,
1249 689 1303 728 ut
1318 688 1513 729 oratoris

248 753 348 794 vita
367 767 473 795 cum
504 752 696 794 scientia
716 752 984 794 divinarum
1014 766 1170 794 rerum
1201 752 1261 793 sit
1291 752 1513 793 humana-

214 825 443 869 91'umque
464 816 722 859 coniuncta.
772 816 899 870 Quae
919 817 1044 869 ipsae
1057 818 1231 869 quanto
1250 816 1446 858 maiores
1461 830 1513 858 30

247 879 534 935 pulchriores
549 880 832 931 viderentur,
853 881 891 922 si
911 880 1016 921 illas
1035 880 1070 921 ii
1090 880 1316 931 docerent,
1332 881 1412 933 qui
1433 881 1514 922 eti-

247 959 324 987 am
343 945 496 998 eloqui
523 944 918 999 praestantissime
951 946 1173 998 possent?
1228 945 1513 998 Utinamque

248 1010 309 1052 sit
323 1011 506 1063 tempus
521 1023 757 1063 umquam,
773 1023 863 1062 quo
883 1009 1116 1063 perfectus
1132 1009 1315 1062 aliquis,
1330 1009 1513 1062 qualem

247 1076 476 1128 optamus,
501 1076 656 1116 orator
686 1074 805 1116 hanc
831 1076 992 1125 artem,
1024 1074 1220 1127 superbo
1251 1074 1436 1116 nomine
1468 1076 1513 1117 et

247 1139 378 1181 vitiis
398 1138 689 1192 quorundam
717 1139 838 1180 bona
858 1139 957 1181 eius
977 1139 1375 1193 corrumpentium
1394 1139 1513 1181 invi-

248 1217 361 1255 sam,
397 1203 601 1245 vindicet
639 1203 736 1245 sibe
769 1217 835 1254 ac,
863 1203 993 1245 velut
1030 1203 1167 1245 rebus
1204 1203 1426 1256 repetitis,
1462 1204 1514 1245 in

193 1277 236 1312 10
248 1282 414 1322 corpus
444 1268 732 1321 eloquentiae
761 1267 971 1310 adducat.
1030 1267 1157 1321 Quae
1185 1268 1374 1321 quidem
1407 1282 1512 1310 cum

249 1333 310 1375 sit
328 1333 379 1374 in
397 1333 483 1374 tris
503 1332 654 1374 divisa
681 1332 841 1386 partis,
873 1332 1214 1383 naturalem,
1242 1332 1513 1374 moralem

247 1397 609 1449 rationalem,
637 1411 729 1450 qua
756 1397 943 1439 tandem
972 1410 1066 1438 non
1095 1398 1163 1439 est
1191 1411 1298 1439 cum
1318 1397 1513 1439 oratoris

248 1475 382 1516 opere
403 1462 649 1504 coniuncta
667 1463 685 1504 Ρ

328 1526 450 1568 Nam
469 1528 523 1567 ut
552 1526 760 1568 ordinem
778 1527 902 1568 retro
922 1539 1129 1579 agamus,
1149 1525 1204 1567 de
1231 1525 1400 1567 ultima
1417 1525 1513 1578 illa,

247 1604 365 1645 quae
392 1592 492 1632 tota
511 1592 724 1633 versatur
743 1591 794 1632 in
813 1591 982 1642 verbis,
1001 1604 1136 1632 nemo
1155 1590 1454 1642 dubitaverit,
1473 1591 1512 1632 si

248 1658 294 1698 et
321 1655 626 1710 proprietates
645 1655 773 1697 vocis
802 1655 1024 1708 cuiusque
1052 1669 1198 1706 nosse,
1218 1656 1263 1696 et
1292 1654 1513 1708 ambigua

248 1720 440 1774 aperire,
459 1721 505 1762 et
534 1719 752 1773 perplexa
783 1719 1052 1770 discernere,
1072 1721 1117 1761 et
1148 1719 1203 1760 de
1233 1718 1365 1760 falsis
1394 1719 1513 1760 iudi-

249 1798 364 1836 care,
384 1786 430 1827 et
458 1784 689 1838 conligere
718 1798 770 1826 ac
801 1784 1042 1835 resolvere,
1069 1797 1185 1837 quae
1214 1783 1344 1835 velis,
1365 1786 1512 1826 orato-

194 1865 234 1900 11
248 1863 354 1891 rum
391 1851 470 1892 est.
542 1849 835 1903 Quamquam
873 1862 925 1891 ea
962 1862 1055 1890 non
1093 1850 1190 1890 tam
1228 1850 1297 1890 est
1334 1849 1512 1891 minute

248 1916 386 1968 atque
419 1914 597 1956 concise
633 1913 684 1954 in
721 1913 982 1955 actionibus
1019 1912 1247 1955 utendum
1285 1926 1425 1966 quam
1463 1913 1513 1954 in

248 1978 656 2033 disputationibus,
686 1978 796 2031 quia
827 1991 920 2019 non
951 1978 1110 2020 docere
1142 1977 1291 2028 modo,
1311 1977 1388 2019 sed
1418 1992 1512 2019 mo-

248 2057 355 2085 vere
375 2043 516 2085 etiam
535 2056 587 2084 30
608 2042 833 2084 delectare
853 2042 1084 2084 audientis
1105 2042 1238 2083 debet
1266 2044 1434 2093 orator,
1454 2042 1512 2084 ad

247 2107 370 2161 quod
407 2108 585 2161 impetu
623 2120 803 2160 quoque
847 2120 899 2148 ac
937 2107 1119 2148 viribus
1156 2108 1201 2148 et
1238 2106 1397 2148 decore
1444 2108 1512 2148 est

247 2185 386 2226 opus3
414 2174 469 2213 ut
489 2172 562 2214 vis
582 2171 791 2213 amnium
811 2171 959 2212 maior
979 2173 1047 2213 est
1075 2171 1184 2212 altis
1203 2171 1317 2224 ripis
1346 2171 1512 2212 multo-

247 2250 335 2290 que
364 2236 566 2289 gurgitis
586 2238 740 2277 tractu
760 2235 1004 2277 fluentium
1026 2249 1165 2288 quam
1194 2236 1347 2276 tenuis
1366 2249 1512 2288 aquae

193 2313 235 2348 12
246 2302 292 2342 et
312 2300 494 2342 obiectu
512 2299 780 2353 lapillorum
795 2299 1078 2341 resultantis.
1127 2299 1188 2340 Et
1203 2300 1256 2340 ut
1276 2298 1512 2352 palaestri-

246 2363 290 2405 ci
308 2362 515 2406 doctores
534 2363 652 2415 illos,
667 2376 782 2417 quos
801 2375 1016 2404 numeros
1035 2363 1217 2412 vocant,
1233 2375 1325 2402 non
1339 2361 1510 2404 idcirco
