1696 2638
445 176 568 212 INST.
598 175 808 211 ORATOR.
839 174 937 217 XII‚.
956 175 1008 216 10,
1039 174 1160 209 57-61.
1347 174 1431 218 137

161 289 302 334 iudex
320 290 448 342 velit,
467 292 606 343 atque
625 289 724 332 eius
743 288 907 331 vultus
926 301 1061 341 saepe
1079 287 1178 341 ipse
1196 288 1348 329 rector
1362 287 1431 329 est

162 355 371 406 dicentis,
389 357 444 396 ut
465 354 625 397 Cicero
645 353 882 407 praecipit.
940 352 1140 405 Ideoque
1159 351 1432 393 instandum

162 419 235 470 iis,
262 433 379 472 quae
406 418 586 472 placere
613 417 913 468 intellexeris,
940 415 1243 458 resiliendum
1271 415 1331 457 ab
1358 415 1432 467 iis,

162 497 280 537 quae
307 497 401 525 non
429 483 723 537 recipientur.
781 482 940 525 Sermo
967 481 1080 535 ipse,
1099 480 1181 534 qui
1209 479 1433 522 facillime

162 548 363 590 iudicem
400 548 574 599 doceat,
612 546 855 601 optandus.
926 546 1023 588 Nec
1060 545 1110 587 id
1146 545 1321 587 mirum
1358 544 1434 596 sit,

163 626 270 654 cum
308 612 449 653 etiam
494 611 688 653 testium
733 610 943 664 personis
981 609 1141 663 aliqua
1177 610 1431 651 mutentur.

163 676 422 718 Prudenter
441 676 580 727 enim,
600 676 682 733 qui
711 689 819 717 cum
843 675 1177 728 interrogasset
1204 674 1434 715 rusticum
1446 685 1491 720 57

162 743 341 792 testem,
378 755 439 782 an
476 740 793 794 Amphionem
830 742 998 791 nosset,
1035 740 1237 792 negante
1265 752 1332 789 eo,
1360 737 1435 779 de-

162 806 308 857 traxit
336 805 667 860 aspirationem
700 804 1026 858 breviavitque
1055 803 1306 846 secundam
1335 803 1435 845 eius

163 870 365 912 nominis
386 870 629 924 syllabam,
648 871 694 912 et
726 869 806 911 ille
839 883 947 911 eum
979 866 1044 911 sic
1078 869 1253 922 optime
1285 869 1432 910 norat.

164 935 447 977 Huiusmodi
476 938 610 977 casus
638 934 857 986 efficiunt,
886 936 942 975 ut
970 933 1222 987 aliquando
1251 932 1436 975 dicatur

163 1000 300 1042 aliter
319 1014 459 1053 quam
487 999 722 1051 scribitur,
741 1013 849 1041 cum
876 998 1042 1050 dicere,
1067 997 1298 1052 quomodo
1327 997 1436 1040 scri-

162 1065 367 1107 bendum
386 1067 470 1116 est,
489 1078 584 1106 non
602 1064 724 1107 licet.

243 1130 409 1172 Altera
437 1131 506 1172 est
534 1129 718 1180 divisio,
738 1142 855 1182 quae
882 1128 935 1170 in
962 1128 1050 1170 tris
1081 1127 1230 1182 partis
1260 1129 1306 1170 et
1333 1127 1492 1181 ipsa58

163 1194 372 1246 discedit,
399 1208 492 1247 qua
529 1194 729 1236 discerni
765 1207 898 1250 posse
927 1193 1070 1235 etiam
1097 1194 1221 1235 recte
1250 1191 1436 1234 dicendi

164 1273 334 1313 genera
365 1259 488 1301 inter
522 1272 569 1301 se
598 1258 832 1301 videntur.
890 1258 1104 1311 Namque
1133 1271 1285 1299 unum
1313 1257 1436 1298 sub-

164 1325 285 1376 tile,
304 1324 427 1378 quod
457 1324 592 1377 ῖσ-χνὸν
620 1326 804 1375 vocant,
823 1323 1024 1365 alterum
1052 1321 1270 1376 grande
1297 1323 1437 1375 atque

163 1389 481 1442 robustum,
510 1389 633 1443 quod
662 1389 776 1440 ἁδρὸν
805 1388 983 1439 dicunt,
1011 1387 1320 1438 constituunt,
1347 1388 1437 1428 ter-

162 1455 285 1496 tium
315 1454 397 1496 alii
434 1454 682 1496 medium
719 1467 775 1495 ex
805 1453 1001 1504 duobus,
1031 1452 1113 1494 alii
1152 1451 1437 1493 floridum

167 1518 385 1572 (namque
404 1519 452 1560 id
481 1519 646 1570 ᾶνθηρὸν
676 1517 932 1572 appellant)
964 1516 1257 1559 addiderunt.
1315 1515 1437 1569 Quo·
1449 1525 1493 1559 59

163 1598 270 1626 rum
288 1586 446 1626 tamen
466 1598 519 1626 ea
542 1584 640 1626 fere
668 1583 789 1625 ratio
819 1585 901 1634 est,
920 1585 975 1624 ut
1003 1582 1209 1636 primum
1228 1580 1437 1632 docendi,

165 1649 419 1691 secundum
456 1648 689 1699 movendi,
719 1648 913 1690 tertium
959 1646 1093 1698 illud,
1129 1648 1437 1699 utrocumque

164 1715 233 1755 est
262 1713 463 1763 nomine,
494 1711 753 1754 delectandi
788 1711 900 1762 sive,
918 1713 973 1752 ut
1006 1710 1089 1752 alii
1122 1710 1300 1761 dicunt,
1331 1723 1437 1751 con-

164 1777 355 1819 ciliandi
383 1779 618 1831 praestare
646 1776 865 1818 videatur
893 1775 1120 1827 officium3
1153 1775 1204 1815 in
1232 1773 1437 1816 docendo

164 1844 321 1884 autem
340 1855 548 1893 acumen,
563 1842 614 1882 in
633 1841 923 1883 conciliando
941 1840 1124 1891 lenitas,
1138 1839 1190 1880 in
1208 1838 1438 1881 movendo

164 1907 238 1948 vis
266 1906 391 1960 exigi
410 1906 637 1948 videatur.
695 1906 860 1959 Itaque
887 1905 970 1946 illo
999 1904 1164 1946 subtili
1191 1904 1438 1958 praecipue

164 1972 285 2014 ratio
303 1972 526 2014 narrandi
546 1971 865 2025 probandique
884 1970 1118 2021 consistet,
1138 1969 1216 2011 sed
1236 1983 1370 2023 saepe
1388 1968 1438 2010 id

165 2037 306 2078 etiam
326 2036 546 2078 detractis
566 2036 730 2078 ceteris
749 2035 1009 2077 virtutibus
1038 2048 1122 2077 suo
1150 2047 1317 2088 genere
1345 2033 1438 2087 ple-

164 2115 292 2143 num.
349 2101 531 2143 Medius
559 2100 636 2142 hic
665 2099 830 2141 modus
859 2101 905 2141 et
932 2098 1321 2141 translationibus
1344 2111 1438 2140 cre-
1451 2110 1493 2144 60

164 2165 293 2207 brior
339 2167 384 2207 et
439 2165 603 2218 figuris
650 2165 739 2207 erit
784 2164 1047 2215 iucundior,
1093 2162 1437 2217 egressionibus

166 2244 400 2282 amoenus,
437 2229 769 2284 compositione
806 2231 958 2283 aptus,
995 2229 1237 2271 sententiis
1274 2227 1439 2278 dulcis,

165 2294 314 2337 lenior
345 2297 502 2336 tamen
534 2297 589 2336 ut
621 2293 773 2336 amnis
806 2292 991 2335 lucidus
1023 2293 1226 2347 quidem,
1259 2292 1337 2335 sed
1370 2291 1439 2333 vi-

166 2359 378 2401 rentibus
414 2359 651 2411 utrimque
688 2358 804 2412 ripis
846 2358 1156 2401 inumbratus.
1231 2358 1299 2400 At
1344 2357 1438 2409 ille,
1451 2363 1492 2396 61
