1696 2638
262 174 317 215 60
573 171 694 208 1Ns‘r.
725 172 932 209 ORATOR.
963 172 1006 215 X,
1037 174 1068 214 2,
1099 173 1218 208 24-2‘7.

262 284 539 340 spondeant:
570 299 676 327 cum
697 286 757 327 sit
788 286 971 328 diversa
1001 300 1094 328 non
1114 300 1359 328 causarum
1388 284 1523 330 modo

261 350 382 392 inter
410 350 534 403 ipsas
554 350 774 401 condicio,
795 350 873 392 sed
901 350 951 392 in
981 350 1178 404 singulis
1207 351 1347 393 etiam
1375 350 1525 393 causis

261 415 480 469 partium,
501 414 684 467 sintque
705 415 797 456 3113
824 415 990 457 leniter
1009 414 1102 457 alia
1121 429 1293 470 aspere,
1312 415 1404 458 alia
1422 429 1526 458 con-

263 479 402 522 citate
439 479 532 521 alia
569 479 771 530 remisse,
809 479 901 521 alia
938 479 1127 521 docendi
1176 480 1268 521 alia
1310 479 1527 522 movendi

263 544 415 597 gratia
434 543 650 596 dicenda3
679 557 877 596 quorum
897 544 1106 585 omnium
1125 543 1363 586 dissimilis
1388 546 1527 597 atque

207 609 447 650 24diversa
475 608 598 650 inter
631 621 677 649 se
716 607 835 649 ratio
868 609 948 650 est.
1017 608 1179 661 Itaque
1211 621 1269 650 ne
1308 607 1396 649 hoc
1428 607 1527 660 qui-

263 673 367 715 dem
398 673 635 724 suaserim,
671 672 755 714 uni
795 686 841 714 se
875 672 1012 714 alicui
1052 672 1250 726 proprie,
1279 685 1417 725 quem
1446 685 1528 726 per

263 738 418 779 omnia
451 739 683 790 sequatur,
717 737 938 780 addicere.
997 737 1219 780 Omnium
1251 736 1528 791 perfectissi-

262 816 366 844 mus
396 802 680 845 Graecorum
710 802 1057 853 Demosthenes,
1076 801 1254 854 aliquid
1273 803 1428 843 tamen
1447 800 1528 842 ali-

262 881 354 920 quo
387 867 437 908 in
473 867 573 908 loco
605 867 771 908 melius
805 867 899 918 alii,
932 866 1136 920 plurima
1167 865 1258 908 ille.
1316 865 1403 908 Sed
1434 879 1529 907 11011

263 932 344 985 qui
382 932 582 973 maxime
620 931 888 983 imitandus,
917 934 963 973 et
1003 931 1127 973 solus
1164 930 1418 989 imitandus
1446 932 1526 974 est.

206 1004 250 1039 25
265 996 386 1050 Quid
420 998 566 1049 ergo?
593 1010 686 1037 non
717 998 786 1038 est
817 996 929 1038 satis
962 996 1117 1038 omnia
1147 996 1211 1037 sic
1231 995 1394 1046 dicere,
1419 1008 1527 1048 quo-

194 1084 196 1086 ·
262 1061 399 1102 modo
420 1061 480 1103 M.
505 1061 687 1102 Tullius
707 1061 825 1102 dixit
846 1063 863 1103 ?
919 1061 1039 1103 Mihi
1059 1060 1246 1114 quidem
1267 1059 1378 1102 satis
1397 1061 1528 1111 esset,

264 1125 304 1167 si
332 1125 487 1167 omnia
512 1125 729 1178 consequi
759 1139 950 1179 possem.
1007 1125 1131 1179 Quid
1161 1127 1317 1167 tamen
1346 1125 1528 1166 noceret

264 1191 362 1232 vim
383 1190 606 1241 Caesaris,
625 1190 921 1243 asperitatem
943 1190 1101 1241 Caelii,
1117 1189 1407 1242 diligentiam
1427 1189 1528 1230 Pol-

263 1254 414 1305 lionis,
444 1254 671 1295 iudioium
702 1254 836 1297 Calvi
866 1254 1144 1307 quibusdam
1175 1253 1225 1295 in
1253 1253 1366 1295 locis
1395 1253 1528 1295 adsu-

207 1329 251 1364 26
263 1332 387 1360 mere
405 1320 423 1360 Ρ
478 1318 600 1360 Ν3111
625 1320 807 1372 praeter
826 1319 874 1360 id
894 1319 1017 1372 quod
1043 1318 1284 1372 prudentis
1305 1320 1387 1370 est,
1405 1318 1526 1372 quod

263 1383 314 1424 in
347 1396 529 1436 quoque
562 1382 788 1436 optimum
824 1385 906 1434 est,
936 1383 975 1424 si
1007 1383 1166 1437 possit,
1195 1397 1332 1426 suum
1365 1383 1529 1434 facere,

264 1450 367 1490 tum
386 1447 436 1488 in
465 1449 597 1488 tanta
619 1447 686 1489 rei
716 1447 987 1489 difficultate
1018 1462 1165 1489 unum
1196 1448 1429 1490 intuentes
1447 1447 1527 1489 vix

264 1512 422 1565 aliqua
450 1525 556 1565 pars
577 1511 797 1564 sequitur.
856 1512 1054 1565 Ideoque
1075 1526 1182 1554 cum
1210 1514 1363 1554 totum
1381 1511 1528 1566 expri-

264 1590 388 1618 mere
425 1590 562 1629 quem
596 1575 787 1629 elegeris
823 1590 966 1630 paene
998 1577 1058 1618 sit
1089 1576 1269 1618 homini
1300 1576 1529 1619 inconces-

266 1655 383 1692 sum,
426 1640 633 1694 plurium
677 1640 798 1682 bona
845 1654 1071 1694 ponamus
1119 1643 1226 1683 ante
1274 1638 1443 1691 oculos,
1475 1641 1528 1680 ut

265 1706 393 1747 aliud
413 1719 468 1747 ex
488 1704 579 1746 alio
607 1704 808 1755 haereat,
829 1706 874 1747 et
894 1705 1017 1758 quod
1046 1704 1211 1758 cuique
1239 1704 1339 1747 loco
1368 1717 1528 1746 conve-

264 1770 364 1811 niat
384 1772 607 1823 aptemus.

209 1843 254 1877 27
347 1834 554 1876 Imitatio
574 1836 730 1876 autem
754 1832 880 1886 (nam
901 1833 1083 1887 saepius
1102 1833 1224 1876 idem
1245 1832 1414 1886 dicam)
1435 1845 1529 1875 non

267 1899 327 1941 sit
364 1901 550 1940 tantum
587 1899 637 1940 in
674 1899 841 1941 verbis.
914 1898 1032 1940 Illuc
1070 1897 1351 1940 intendenda
1389 1909 1530 1948 mens,

265 1965 493 2016 quantum
513 1963 656 2005 fuerit
686 1963 781 2004 illis
801 1963 916 2004 viris
944 1963 1120 2005 decoris
1150 1962 1199 2004 in
1229 1962 1365 2006 rebus
1391 1963 1530 2015 atque

265 2027 487 2082 personis,
517 2028 639 2080 quod
671 2027 929 2078 consilium,
960 2041 1077 2080 quae
1108 2027 1360 2080 dispositio,
1388 2039 1529 2080 quam

266 2092 434 2144 omnia,
454 2092 595 2135 etiam
614 2106 731 2146 quae
751 2091 1046 2134 delectationi
1065 2091 1311 2134 videantur
1330 2091 1452 2142 data,
1471 2090 1528 2133 ad

266 2156 512 2198 victoriam
543 2158 772 2210 spectent;
801 2156 913 2209 quid
944 2158 1112 2209 agatur
1141 2155 1388 2210 prooemio,
1413 2166 1530 2213 quae

266 2220 386 2262 ratio
416 2223 462 2263 et
492 2234 632 2274 quam
652 2220 784 2262 varia
810 2220 1045 2271 narrandi,
1064 2233 1181 2273 quae
1204 2220 1276 2261 vis
1304 2217 1530 2274 probandi

267 2299 318 2327 ac
347 2285 603 2335 refellendi,
622 2287 797 2338 quanta
815 2284 866 2326 in
894 2284 1154 2327 adfectibus
1173 2284 1323 2326 omnis
1350 2283 1531 2337 generis

266 2349 506 2393 movendis
538 2349 742 2400 scientia,
772 2362 1002 2403 quamque
1026 2348 1135 2404 ‚laus
1165 2348 1266 2403 ipsa
1295 2347 1532 2404 popularis
